4175 5642
577 413 1011 596 »iiiio‘iiit-
1236 445 1240 455 ·
1365 430 1449 536 aa

156 640 261 760 effe,
292 669 344 732 tx
373 644 512 760 quibus
541 645 765 732 couieaaria
785 644 845 732 ‘ad
876 671 1009 732 reram
1039 642 1240 735 scientiam
1273 661 1429 732 naturae
1487 686 1496 706 ·

156 779 408 862 concientiam·
434 776 573 860 hauriri
601 793 648 884 et
678 775 814 862 deduci
842 794 994 888 queant.
1055 778 1121 861 Ad
1150 778 1329 860 ueritates
1360 774 1432 860 hu·

156 901 215 988 ius
248 907 389 1013 generis
420 892 615 1016 pertinent
645 930 790 1018 quoque
824 907 1106 990 obseruationes
1123 903 1433 1011 Meteororum,

155 1055 282 1140 quae,
311 1051 459 1132 tanturn
492 1030 627 1155 abest,
648 1055 707 1132 ,ut
738 1034 809 1120 fint
848 1034 1123 1144 negligendae·
1144 1053 1184 1118 et
1219 1030 1434 1142 urperficia·

153 1160 210 1241 ric
245 1157 517 1264 instituendae,
562 1180 607 1242 rt
636 1163 764 1272 potius
793 1164 956 1245 omnem
1005 1161 1291 1245 adcurationem
1342 1181 1429 1245 me·

154 1307 309 1386 reantur
340 1309 380 1370 et
412 1288 618 1399 requirant,
638 1295 821 1398 quoniam
855 1289 1006 1373 theoria
1040 1288 1434 1401 aeternumque

152 1429 216 1496 tot
249 1433 289 1495 et
320 1435 442 1498 tantas
474 1419 611 1525 generi
640 1415 811 1498 humano
843 1417 1037 1523 promittit
1068 1417 1284 1529 utilitates,
1314 1431 1431 1526 quarn

148 1535 371 1652 langiiirme
400 1541 577 1624 adhuca
617 1542 678 1624 sua
723 1542 963 1652 perfectione
994 1543 1107 1626 abest.
1200 1544 1270 1626 Vti
1319 1542 1436 1651 igitur

148 1666 312 1776 theoria
353 1667 646 1777 astronomica,
696 1693 791 1778 quae
836 1668 970 1778 infigui
1022 1667 1257 1777 perfeciione
1310 1665 1434 1750 hodie

145 1797 330 1903 gaudem·
379 1790 459 1878 nort
489 1795 558 1879 nist
591 1795 675 1906 post
706 1791 922 1880 innumeras
941 1791 1231 1881 ³obscruationcs
1281 1793 1433 1878 multo·

145 1943 243 2004 rum
263 1915 617 2006 ·annorum''contii
635 1927 811 2036 'potuit3
857 1923 914 2020 fic¹
940 1949 1091 2034 quoque
1144 1919 1432 2034 Meteorolugit

145 2073 238 2132 uon
262 2045 337 2136 ‘aiii
368 2051 456 2162 post
486 2051 702 2135 multorum
736 2075 926 2136 annorum
958 2051 1233 2137 obseruationes
1264 2053 1313 2136 ad
1344 2075 1433 2160 per·

144 2177 363 2263 reinonem
378 2207 379 2212 ¹
394 2177 584 2290 quandum
617 2180 761 2290 poterit
790 2179 960 2292 perduci.
1022 2175 1122 2264 Sunt
1155 2181 1313 2290 quidem
1363 2177 1433 2262 oia

150 2307 384 2392 scrutationes
415 2304 744 2418 Mereoroiogicae
774 2335 802 2394 a
830 2307 960 2394 multia
991 2303 1084 2392 hinc
1115 2309 1221 2393 anuis
1250 2313 1327 2391 iam
1374 2301 1428 2388 fa-

147 2431 291 2542 ciae,
342 2434 407 2518 ieri
457 2460 598 2544 paucae
658 2438 778 2546 scopo
825 2435 990 2523 iudicato
1038 2436 1173 2521 seruire
1223 2431 1373 2548 potsunt
1411 2485 1426 2538 ,

146 2563 245 2669 quia
275 2567 360 2646 sunt
392 2563 586 2672 pleraeque
619 2565 747 2648 minue
784 2583 976 2650 accuratae
1009 2585 1052 2656 et
1080 2564 1282 2674 perfectae.
1322 2563 1433 2668 ope·

146 2711 225 2771 tae
256 2690 376 2793 igitur
406 2695 576 2794 pretium
606 2689 696 2791 est,
725 2688 893 2775 dcieiiua
923 2713 966 2772 et
1005 2691 1310 2796 imperfectorum
1356 2688 1432 2768 ob-

151 2812 424 2902 seruationum
457 2811 843 2918 meteorologicarum
879 2813 1121 2919 vulgarium,
1150 2815 1250 2923 quod
1284 2815 1321 2896 b.
1348 2811 1433 2896 An·

140 2938 246 3024 ἀοι
273 2939 318 3018 r'n
347 2937 422 3021 hac
452 2937 707 3019 differretione
738 2933 855 3041 iecit,
887 2939 1084 3028 indicare,
1115 2959 1157 3022 et
1188 2940 1312 3051 fimui‚
1330 2961 1434 3050 quo·

146 3066 284 3150 motio
311 3083 512 3146 accuratae
540 3085 580 3146 et
610 3061 902 3172 perfecerint
942 3065 1130 3149 iaciendat
1149 3103 1176 3175 ,·
1214 3067 1429 3152 ostendere.

303 3189 364 3280 Et
392 3215 509 3300 quern
540 3193 625 3302 quis
654 3197 836 3280 tutiorem
867 3193 953 3280 riae
992 3194 1193 3289 duciorenr
1244 3197 1434 3297 defident-

157 3316 288 3428 uerit‚
314 3343 433 3430 quarn
466 3343 593 3422 eum,
624 3321 689 3429 qui
722 3345 794 3428 per
813 3322 1060 3412 ¹tatumfere
1094 3320 1195 3404 ritae
1228 3323 1310 3406 inae
1359 3325 1432 3408 cie·

154 3445 308 3528 cursum
338 3471 426 3532 cam
461 3443 652 3533 calcauiti
682 3443 790 3531 Beati
824 3441 1147 3559 Meschenbroeia'i
1184 3450 1430 3558 experientia

154 3595 198 3656 et
230 3573 378 3658 {olentia
409 3565 451 3660 In
483 3577 799 3663 obieruatiunibua
830 3595 869 3658 et
898 3578 1176 3685 experimentis
1205 3579 1432 3675 tantumlibet

160 3698 395 3789 instituendis
415 3704 626 3786 neminem
660 3703 764 3788 inter.
849 3701 950 3786 Hinc
981 3702 1127 3790 nullum
1159 3703 1316 3788 dubium
1346 3706 1432 3796 cst.

162 3828 256 3936 quin
286 3829 394 3936 ipsrus
412 3829 572 3925 'consriia
606 3831 814 3916 utilitatem
850 3831 918 3915 srnt
950 3832 1121 3916 allatura.
1199 3831 1303 3913 Hinc
1333 3855 1429 3937 quo·

157 3979 240 4064 quc
288 3945 495 4043 Academia
544 3981 626 4041 uon
664 3961 988 4068 ,superuacaneum
1038 3960 1216 4063 ceniuit,
1264 3949 1433 4067 eadent,

152 4083 316 4170 ctiamfi
363 4088 465 4196 plura
508 4087 595 4170 alias
643 4105 793 4197 quoque
843 4086 883 4166 in
933 4084 1146 4170 uniuersum
1179 4101 1273 4170 nota
1304 4088 1433 4172 conti.

149 4231 306 4326 aeaut,
337 4217 497 4301 inserere
526 4210 830 4302 Commentariis
860 4209 946 4298 suis.
1012 4274 1016 4282 .

804 4417 940 4552 irr'
1350 4463 1426 4556 lv,

563 4625 573 4667 i

1402 4779 1408 4856 i
