4175 5642
264 508 355 607 DE
385 506 774 610 RESISTENTIA
804 506 1171 612 FLVIDORVM.
1268 548 1360 630 ²29

467 769 488 825 ι
594 766 614 821 r
812 822 821 841 ‚
1137 784 1157 836 1
1251 776 1286 850 y

111 827 229 944 Quare
263 849 354 913 cum
388 824 432 913 fit
459 848 626 971 {²ss
649 846 737 932 -γ,
768 840 840 909 ent
857 768 1246 987 σεε-κῆπ-
1265 765 1363 984 ff)
1486 970 1495 989 x

107 1012 933 1129 Sitssza,etfictxx:4aa-4ay.
995 1018 1137 1105 Prellio
1167 1023 1365 1108 antemio
1437 1141 1440 1146 ¹

105 1430 117 1455 ’
234 1449 431 1544 XLVIII.
461 1451 548 1543 Iam
593 1476 692 1571 ergo
741 1460 917 1546 audacter
949 1461 1197 1572 pronunciare
1238 1460 1367 1570 pollu-
1387 1459 1470 1541 Tab.
1497 1463 1560 1543 lli.

107 1604 214 1688 mus,
265 1585 435 1694 tegulam
485 1585 713 1671 refistentiac
741 1586 942 1703 ‘uulgarem
972 1589 1104 1672 exacte
1134 1589 1263 1673 locum
1295 1587 1366 1671 ha.
1387 1562 1460 1667 Fig.
1495 1588 1531 1643 ²·

105 1710 188 1797 bere
221 1734 299 1796 non
329 1711 451 1822 poue,
468 1712 536 1797 nili
568 1713 723 1821 quaudo¹
751 1712 870 1825 figura
900 1717 1074 1825 corporis
1104 1710 1235 1802 ΑΕΒ
1259 1715 1370 1801 fuerit

104 1837 345 1949 parabolica,
393 1854 435 1920 et
476 1836 606 1949 finguli
636 1838 749 1924 riuuli
779 1842 908 1953 aab,
938 1834 1082 1941 a‘e'b'
1113 1864 1264 1949 quoque
1293 1842 1368 1924 fint

104 1964 231 2049 inflexi
277 1963 482 2049 secundum
533 1962 752 2077 parabolas,
801 1989 896 2073 quae
941 1988 1033 2065 cum
1077 1962 1142 2047 illa
1190 1966 1369 2073 parabola

106 2087 244 2196 ΑΕΒ,
276 2110 359 2175 tam
390 2114 507 2174 axem
537 2090 630 2194 EF,
646 2114 760 2203 quam
792 2088 920 2185 focum
939 2091 988 2195 F,
1005 2090 1170 2175 habeant
1185 2115 1370 2177 commu·

106 2242 226 2325 nem,
275 2216 376 2303 rude
424 2234 463 2301 et
513 2217 606 2307 unfit
654 2220 870 2303 extremam
904 2242 1014 2308 oram
1048 2218 1141 2332 αεβ
1169 2214 1368 2303 secundum

106 2341 262 2435 ssmilem
295 2344 512 2459 parabolam
545 2344 749 2433 formatam
778 2346 852 2431 else
884 2365 1058 2460 oportet.
1117 2340 1222 2431 Cum
1255 2347 1370 2456 igitur
1406 2355 1410 2361 ’

105 2473 144 2558 in
173 2473 322 2585 reliquis
351 2473 494 2561 casabus
529 2471 705 2556 omnibus
754 2470 884 2579 regula
927 2473 1091 2577 uulgaria
1139 2498 1163 2553 a
1210 2475 1374 2553 ueritate

103 2600 282 2707 aberret,
310 2598 514 2683 refistentia
547 2618 697 2704 quoque
726 2594 841 2680 aliam
871 2594 1038 2702 sequetur
1065 2592 1226 2702 legem,
1252 2616 1374 2705 neque

100 2728 162 2813 illi
191 2724 338 2833 regulae
366 2724 441 2805 erit
471 2721 731 2803 consentanea.
811 2721 983 2834 Quando
1012 2742 1106 2827 ergo
1135 2717 1263 2828 specie
1296 2719 1376 2805 hu·

100 2855 160 2937 ius
188 2847 339 2959 regulae
370 2845 542 2929 nonnulli
570 2844 710 2929 sedunt
739 2862 1000 2956 putauerunt,
1038 2846 1122 2929 ficri
1152 2841 1294 2954 porse,
1326 2863 1375 2932 ut

104 2998 243 3081 corpus
274 2976 315 3057 in
344 2972 469 3058 fluido
499 2969 640 3052 nullam
672 2971 917 3073 relillentiam
946 2968 1134 3081 paliurum
1157 2989 1373 3077 moueatur,

109 3116 312 3211 propterea
342 3098 445 3207 quod
477 3094 583 3179 allio
612 3092 715 3178 fluidi
745 3096 788 3179 irr
818 3112 968 3207 partem
999 3097 1187 3205 posticam
1215 3096 1373 3182 destruat

110 3228 191 3311 rim
221 3226 264 3307 in
295 3242 446 3339 patrem
476 3222 645 3307 anticam
675 3214 882 3328 exertam,
915 3242 954 3305 et
986 3223 1028 3306 in
1060 3221 1185 3306 fluidis
1200 3224 1374 3308 terrestri·

114 3355 177 3437 bus
220 3351 316 3439 haec
364 3347 566 3437 destructo
611 3370 634 3433 a
681 3351 885 3435 tenacitate
919 3348 1115 3458 prohiberi
1151 3344 1373 3460 censentur;

116 3479 191 3565 iam
224 3476 458 3566 manifestum
491 3476 559 3581 est,
574 3472 673 3558 hanc
708 3475 990 3563 conclufioncm
1023 3474 1130 3559 nusso
1161 3480 1284 3561 modo
1300 3476 1374 3560 ad-

117 3606 218 3691 mitti
251 3606 369 3714 poffe.
429 3605 532 3719 Quia
564 3602 671 3685 enim
703 3625 842 3717 corpus
872 3603 1128 3712 parabolicum
1150 3600 1278 3686 ΑΕΒ
1295 3627 1376 3687 non

120 3735 286 3842 utrinque
297 3731 566 3831 terminatur,
585 3726 662 3821 ahie
693 3729 790 3817 casus
821 3733 1040 3844 neutiquam
1070 3730 1118 3817 ad
1149 3728 1378 3821 rtfistcntiae
