4175 5642
363 542 697 671 Truentinu-⁸
719 540 1157 668 Macuruam'ra.
1310 582 1398 665 251

138 784 220 869 casn
253 789 328 873 erit
358 790 470 879 :M
471 788 510 906 s
512 790 685 901 -li‘p,
715 788 876 899 ideoque
908 814 961 872 eo
993 788 1139 892 maius,
1171 814 1286 900 quam
1321 795 1403 877 calu

134 920 422 1027 praecedente,
454 940 532 1028 quo
564 924 691 1011 maior
721 916 831 1035 suerit
865 908 1102 1015 numerosi
1184 918 1284 1002 Hinc
1332 920 1405 1025 igi·
1446 1018 1453 1045 ί

135 1061 201 1123 tur
233 1067 337 1153 patet
359 1046 448 1137 lieri
480 1045 614 1155 posse.
646 1065 691 1131 vt
723 1046 936 1133 abeodem
973 1048 1013 1130 ui
1043 1046 1297 1153 impellente,
1338 1046 1429 1127 fri·¹

134 1171 271 1263 &ione
300 1198 379 1262 non
411 1175 649 1283 imminuta,
698 1175 824 1259 multo
855 1174 979 1257 maior
1009 1174 1165 1259 effeetus
1203 1173 1403 1283 impetrari

132 1295 271 1406 poisat:
312 1300 375 1389 hie
406 1320 532 1389 autem
565 1301 762 1413 suppono,
801 1300 916 1387 anilo
948 1301 1042 1386 illius
1074 1326 1181 1399 rotae
1212 1306 1402 1387 diametro

109 1424 358 1515 'frictionem
392 1453 471 1515 non
503 1434 656 1539 augeri,
694 1432 797 1525 urrrie
828 1429 922 1515 haec
953 1430 1080 1539 regula
1112 1433 1164 1512 ita
1194 1430 1308 1513 debet
1360 1431 1406 1549 li·⁸

134 1553 294 1662 mitari,
341 1574 384 1640 ut
432 1576 611 1668 quatenus
643 1557 826 1669 augenda
870 1576 955 1643 rota
997 1558 1069 1643 hac
1107 1560 1307 1668 principali
1338 1556 1406 1640 fri-

135 1680 222 1768 etio
256 1685 322 1771 rel
353 1709 433 1771 non
462 1708 655 1797 augetur,
698 1684 764 1775 rel
796 1683 920 1771 saltem
969 1686 1010 1772 in
1060 1689 1215 1770 minore
1262 1688 1407 1769 ratione

134 1828 325 1920 augemr,
359 1838 476 1924 quam
508 1815 695 1900 diameter
727 1833 868 1921 antaee
904 1832 1062 1905 eatenus
1089 1814 1242 1922 semper
1269 1837 1410 1897 conue-

133 1939 217 2021 niat
245 1939 346 2028 hanc
372 1958 497 2027 rotam
531 1943 745 2025 maximam
778 1940 876 2026 fieri.
940 1941 1159 2049 Antequam
1192 1960 1321 2023 autem
1357 1937 1405 2023 ad

135 2062 237 2149 hanc
268 2067 438 2179 tegulam
472 2068 765 2184 confugiamus,
815 2069 991 2157 maxime
1040 2058 1225 2174 interest,
1255 2085 1301 2151 ut
1334 2091 1406 2151 no·

134 2192 181 2279 tis
209 2194 376 2281 artificiis
402 2194 653 2301 ternionem,
700 2196 877 2306 qtantum
924 2195 1079 2309 quidem
1122 2193 1207 2277 fieti
1246 2194 1404 2303 potest,

134 2320 347 2407 diminuere
374 2347 591 2434 conemur3
625 2345 707 2409 tum
726 2346 840 2412 ueto
870 2322 1077 2409 obseruatio
1106 2321 1218 2406 huius
1254 2321 1405 2427 regulae

133 2450 379 2535 nihilominus
408 2454 629 2539 maximam
658 2451 787 2539 afferet
819 2450 1048 2555 utilitatem,
1067 2470 1266 2557 propterea
1283 2450 1407 2552 qnod,

135 2578 288 2663 etiamst
316 2576 441 2659 iriciio
471 2578 513 2663 lit
544 2576 740 2677 minima,
770 2575 936 2659 obeam
972 2592 1217 2655 momentum
1250 2570 1405 2653 effectus

131 2704 260 2787 adhuc
290 2698 504 2782 notabiliter
532 2700 696 2783 diminui
728 2702 882 2813 polIet,
916 2696 945 2783 li
974 2696 1109 2782 seilicet
1150 2701 1178 2780 λ
1215 2696 1414 2793 auocaret

130 2826 365 2918 sermionem
396 2824 506 2915 ralue
536 2847 710 2955 paruam,
840 2832 843 2840 '

289 3088 359 3159 16.
391 3082 560 3193 Denique
583 3079 785 3196 plurimam
823 3080 879 3163 ad
923 3078 1182 3166 machinarum
1208 3080 1405 3194 perfectio·

132 3235 213 3300 nem
245 3210 386 3321 cornert
416 3220 530 3293 motus
562 3211 803 3316 uniformitas
823 3202 853 3306 ‚'
867 3207 924 3291 ad
959 3230 1071 3318 quam
1108 3210 1188 3295 ideo
1217 3212 1408 3321 *imprrmr's

134 3324 330 3427 machinas
356 3336 483 3429 iuliani
510 3351 650 3453 oportet
670 3360 682 3443 3
700 3364 702 3370 ⁴
719 3338 761 3449 st
791 3336 883 3417 enim
910 3349 1024 3423 matus
1054 3361 1122 3419 aon
1149 3339 1267 3442 suerit
1315 3340 1404 3421 oni·

127 3468 266 3585 samir
279 3522 294 3567 ,,
318 3458 389 3567 led
415 3478 485 3573 per
515 3462 717 3548 interualla
748 3462 849 3547 modo
881 3462 1115 3551 intendatur,
1143 3465 1244 3543 modo
1275 3470 1399 3548 rentia-

138 3605 270 3693 ratum
301 3602 377 3676 tam
405 3590 555 3705 affalius
575 3586 722 3703 semper
751 3594 825 3678 erit
864 3594 982 3673 minor
1021 3614 1098 3695 eo,
1128 3592 1191 3704 qui
1208 3586 1403 3694 leuandum

138 3718 285 3829 regrum
310 3718 574 3831 praecedentes
605 3718 759 3803 obtineri
784 3712 905 3831 pollet.

151 3884 153 3896 ·
288 3845 333 3934 ln
368 3867 497 3929 motus
528 3848 776 3933 difformitare
815 3848 939 3927 enrm'
970 3866 1049 3926 non
1097 3843 1218 3927 solum
1271 3848 1405 3956 portio

139 3974 195 4057 uis
227 3972 460 4082 impellentis
498 3975 537 4057 in
591 3974 786 4083 strperania
838 3972 973 4053 inertia
1024 3972 1292 4079 consumitur,
1339 3977 1402 4059 sed

140 4120 256 4185 ettam
292 4104 437 4186 nonnisi
470 4102 642 4188 maxima
671 4102 839 4185 celeritas
880 4096 1042 4205 aequalis
1079 4102 1133 4183 est
1165 4128 1235 4206 er,
1284 4128 1402 4212 qnam

143 4228 318 4316 machina
368 4226 461 4314 elset
518 4228 684 4311 habitura
724 4294 736 4335 ,
793 4228 818 4311 li
869 4246 997 4310 motus
1044 4226 1140 4313 foret
1189 4228 1401 4314 uniformis.

143 4354 320 4470 Namque
350 4358 443 4446 dum
478 4377 608 4445 motos
638 4358 894 4463 acceleratur,
936 4356 995 4439 uis
1025 4356 1227 4467 impellens
1274 4362 1403 4444 maior

730 4484 751 4571 1
784 4482 798 4567 i
831 4506 858 4564 a
1348 4486 1402 4569 eli
