4175 5642
708 493 815 626 ἰι
1139 489 1560 628 »aetnae-

698 757 809 832 ‘tero
836 737 951 836 ad
916 765 994 830 erut
1022 733 1296 870 predionem
1282 768 1324 828 ιιι
1351 742 1501 854 ungulis
1526 627 1748 856 speeiante,
1789 737 1976 827 eiusmodi

709 895 858 958 nexum
890 871 1042 965 Audon
1070 893 1121 956 ex
1150 871 1320 956 Theoria
1357 874 1548 983 agnouit,
1596 891 1645 970 rt
1670 895 1723 955 ex
1754 887 1865 954 motu
1909 892 1978 950 co·

708 1000 822 1109 guito
853 999 1026 1109 prestio,
1054 1024 1098 1085 ae
1127 995 1284 1082 vicissim
1314 997 1465 1082 definiri
1493 995 1620 1141 puifit
1704 997 1854 1112 Quodsi
1884 1018 1978 1103 ergo

708 1129 962 1237 undecunque
995 1145 1152 1232 motut,
1192 1133 1272 1236 quo
1303 1124 1509 1210 fluidum
1496 1145 1607 1211 auxta
1635 1149 1776 1236 corpur
1809 1144 1982 1232 praeter·

701 1251 807 1354 didit,
839 1251 951 1337 fiterit
976 1253 1178 1362 cognitus,
1205 1273 1259 1335 ex
1288 1273 1341 1334 eo
1370 1248 1618 1362 preffiodem,
1643 1277 1759 1363 quam
1780 1272 1918 1359 corpus
1936 1251 1979 1331 in

704 1379 858 1490 'lingulis
887 1379 1040 1490 pundiis
1068 1379 1255 1482 sustinet,
1283 1379 1445 1492 indeque
1461 1401 1581 1491 porro
1595 1378 1840 1465 refistentiam
1858 1378 1980 1486 ipiam

634 1534 638 1543 ·
706 1507 963 1593 determinate
994 1508 1142 1615 docet,
1190 1503 1304 1618 idque
1353 1530 1433 1617 ope
1465 1506 1619 1616 regulae
1649 1508 1733 1590 satis
1762 1501 1979 1615 iimplicis,

706 1657 781 1744 qua
813 1632 980 1716 euidium
1013 1632 1068 1718 est
1091 1653 1218 1742 ,quo
1248 1632 1405 1718 celerius
1434 1631 1593 1715 fluidum
1631 1635 1674 1718 in
1702 1654 1853 1743 quoque
1889 1635 1979 1714 coi·

528 1760 529 1766 ‘
704 1759 812 1872 poris
843 1757 989 1902 pund'ro
1017 1757 1270 1870 praeterfluit,
1302 1760 1445 1845 ibidem
1478 1756 1706 1871 pressionem
1738 1784 1790 1844 eo
1806 1757 1878 1841 eiii:
1901 1758 1981 1841 mi·

705 1907 872 1993 norem,
907 1883 960 1972 ita
993 1904 1040 1970 ιι
1072 1889 1251 1972 maxima
1286 1885 1425 1997 prestio
1453 1884 1551 1970 ibi
1538 1910 1581 1970 ιιι
1616 1911 1753 1998 corpus
1784 1903 1981 2028 exeratur,

705 2011 773 2096 tbi
801 1948 908 2098 fluidi
941 2029 1072 2098 motus
1102 2013 1212 2098 dretit
1242 2012 1474 2101 lentissimae.
1527 2013 1661 2125 Atque
1693 2013 1828 2099 hinc
1816 2035 1895 2096 ram
1916 2035 1976 2094 rn-

706 2138 914 2248 teliigitur,
949 2161 1099 2286 partem
1131 2147 1306 2248 corporis
1337 2141 1525 2254 posticam
1568 2139 1612 2224 in
1657 2136 1980 2227 determinatione

703 2265 927 2350 reiissentiae
961 2263 1125 2353 minime
1157 2269 1234 2355 effe
1271 2265 1573 2380 negligendam,
1609 2269 1681 2351 ιιι
1710 2267 1761 2356 fit
1806 2264 1848 2348 in
1896 2270 1981 2350 eius

703 2391 852 2502 vulgari
879 2394 1154 2480 aestimatione.
1221 2396 1295 2482 His
1322 2393 1505 2504 expoiitis
1536 2393 1687 2479 Audior
1715 2390 1875 2478 viciffim
1917 2394 1982 2475 in·

701 2521 856 2631 quirit,
886 2522 1099 2631 quomodo
1117 2525 1270 2634 cognita
1298 2521 1527 2630 reiiiientia,
1558 2520 1622 2606 seu
1652 2517 1869 2634 preffione,
1901 2541 1981 2629 qua

702 2657 842 2757 eorpus
868 2649 1161 2760 circumquaque
1197 2652 1388 2763 'trgetun
1437 2648 1530 2734 inde
1554 2645 1647 2760 'ipse
1695 2647 1802 2733 fluidi
1848 2660 1984 2731 metue

701 2771 811 2858 iuxta
841 2791 980 2885 corpur
1028 2776 1230 2863 defluentia
1274 2771 1455 2866 definiri.
1504 2773 1688 2884 fimulque
1734 2771 1981 2858 conditiones

703 2898 874 3007 affignari
906 2921 1071 3008 queant,
1119 2902 1185 2984 snb
1218 2901 1353 3008 quibua
1389 2901 1475 2983 talis
1513 2918 1642 2984 motus
1672 2899 1804 2984 locum
1836 2898 1981 2984 habeto

707 3024 856 3136 poffit,
884 3023 987 3108 rude
1016 3023 1190 3108 Thouria
1220 3025 1428 3111 fluidomm
1462 3023 1560 3110 haud
1599 3027 1808 3135 {perdenda
1854 3023 1985 3107 incre·
2030 3072 2034 3080 -

706 3168 839 3237 menta
867 3174 1005 3262 capere
1034 3153 1199 3237 videtur.
1248 3150 1452 3265 Imprimis
1490 3171 1620 3237 autern
1650 3177 1740 3238 ιιιιιι
1774 3151 1982 3238 reddentia

706 3301 778 3390 per
807 3277 978 3386 vulgares
1008 3277 1155 3388 regular
1181 3277 1342 3374 definita
1371 3279 1648 3390 saepenumero
1696 3282 1768 3365 uix
1797 3276 1982 3364 sensibili·

703 3421 764 3488 tet
796 3427 819 3488 a
851 3405 1011 3489 veritate
1043 3406 1223 3514 recedat,
1252 3428 1317 3490 eor
1346 3406 1543 3516 inuestigat
1571 3406 1674 3491 rasus
1685 3465 1698 3512 ,
1726 3407 1862 3517 quibus
1879 3405 1982 3492 haee

704 3529 977 3616 determinatio
1007 3555 1098 3617 cum
1131 3533 1289 3618 veritate
1318 3535 1465 3645 prorius
1491 3533 1727 3639 conueniat,
1756 3534 1981 3646 inuenitque

703 3655 780 3744 hoc
812 3657 898 3742 fieri
930 3681 1010 3742 non
1042 3661 1150 3770 puffe
1168 3725 1181 3767 ,
1202 3659 1283 3747 nisa
1310 3685 1451 3772 corpur
1480 3659 1617 3746 habeat
1657 3659 1817 3770 figuram
1850 3677 1981 3744 rono-

702 3783 778 3867 idis
805 3782 1041 3894 parabolici,
1072 3786 1254 3897 iimulque
1284 3783 1484 3874 secundum
1512 3787 1768 3873 dired’tionem
1798 3790 1887 3872 axia
1937 3789 1981 3874 in

702 3909 826 3996 fluido
856 3926 1154 4024 promoueetur3
1182 3916 1271 4022 quia
1300 3934 1430 4002 autem
1465 3913 1542 4000 hoe
1572 3917 1757 4002 conoides
1787 3939 1981 4026 nusquam

704 4038 961 4140 terminatur,
992 4034 1054 4122 sed
1087 4040 1129 4124 in
1160 4036 1357 4126 infinitum
1386 4042 1610 4157 porrigitur,
1643 4042 1886 4130 manifestum
1905 4041 1984 4149 eii,

702 4162 817 4274 plane
849 4187 1041 4276 nunquam
1098 4166 1292 4278 vulgarem
1338 4169 1561 4258 niiiientiae
1604 4169 1978 4261 determinationem

655 4349 660 4360 ·
704 4291 858 4380 ¹ueritati
888 4293 1180 4383 consentaneam
1211 4297 1288 4386 effe
1328 4299 1451 4414 poue.
1539 4397 1545 4407 ,

1912 4540 1979 4632 11.
