4175 5642
662 513 821 638 aer-⁵
940 483 1364 588 carratae
1424 434 1674 580 urtica
1732 525 1742 568 -,

661 755 723 838 40
756 720 936 844 pollicum
968 722 1133 808 breuiori
1165 740 1204 808 et
1238 741 1385 806 tantum
1421 742 1479 820 30
1510 716 1610 830 poll.
1641 715 1776 803 Altera
1825 716 1936 807 huius

656 861 738 944 tubi
758 856 982 944 extremitas
1001 854 1040 935 in
1062 853 1263 936 rotundam
1282 852 1423 936 desinat
1443 847 1647 953 fornicem,
1665 869 1763 957 quae
1780 838 1937 932 hermess
2053 900 2054 933 1

661 987 738 1070 tice
769 988 846 1084 (rt
879 979 956 1066 dici
987 978 1114 1094 lolet)
1144 980 1262 1065 clausa
1292 980 1351 1063 fit.
1444 976 1579 1061 Altera
1623 977 1847 1060 extremitas
1892 977 1937 1062 lit
2051 986 2054 1027 ·'

661 1135 824 1222 aperta,
874 1107 934 1192 sed
967 1110 1123 1218 oblique
1157 1109 1270 1192 iuilar
1300 1103 1614 1190 concidentur,
1666 1119 1713 1183 vt
1743 1127 1833 1186 cum
1877 1109 1936 1186 in·
2049 1168 2055 1211 ἕ

662 1239 797 1324 stiterit
846 1236 1074 1337 mercurio,
1125 1258 1176 1318 ex
1223 1233 1384 1318 cauitate
1440 1233 1519 1315 tubi
1570 1227 1678 1312 nette
1726 1229 1935 1314 mercurius

661 1362 852 1465 effluere,
888 1385 928 1448 et
961 1387 1015 1446 ex
1049 1361 1134 1446 uase
1168 1363 1208 1445 in
1240 1386 1378 1444 cauum
1409 1360 1567 1444 influere
1598 1354 1711 1468 poffit
1728 1413 1749 1444 ‚-
1769 1357 1837 1441 nili
1871 1379 1934 1440 tu·

659 1490 728 1574 bus
761 1517 783 1574 a
815 1489 932 1576 strndo
965 1492 1092 1597 nafis,
1144 1487 1194 1572 de
1229 1513 1307 1599 quo
1353 1510 1453 1575 mox
1501 1508 1651 1594 agam,
1699 1481 1931 1594 aliquantum

660 1615 870 1719 distiterit,
923 1638 1009 1701 tum
1044 1619 1150 1700 enim
1184 1616 1262 1700 tubi
1294 1611 1515 1700 extremitas
1546 1612 1659 1724 plana
1689 1611 1763 1694 elle
1791 1612 1937 1722 potest,

657 1746 861 1858 parataque
880 1745 932 1836 eli
947 1746 1144 1832 mercurio
1163 1745 1240 1828 via.
1273 1740 1478 1829 Diameter
1507 1741 1677 1825 cauitatis
1702 1739 1785 1823 tubi
1825 1738 1931 1824 iitad

664 1871 870 1986 minimum
906 1873 1124 1982 g'potlicis
1153 1871 1323 1958 Rhenol·
1357 1873 1483 1979 maior
1522 1869 1709 1980 capacitas
1738 1890 1817 1948 non
1862 1889 1931 1949 no·

658 2017 736 2091 cet.
773 1994 936 2088 Cralhor
968 1999 1032 2084 hic
1063 1999 1170 2098 rubus
1202 1997 1412 2109 vulgaribus
1444 1997 1525 2109 ell3
1555 1994 1817 2106 qualiscunque
1851 1992 1925 2076 sue

662 2120 745 2228 rit,
791 2126 1033 2212 mensuranda
1085 2145 1257 2213 accurate
1308 2147 1347 2209 tt
1395 2122 1606 2210 memoriae
1637 2121 1817 2205 tradenda
1847 2121 1925 2206 cll:

659 2275 751 2355 nam
801 2253 841 2336 in
886 2254 983 2338 tubo
1014 2256 1150 2364 amplo
1182 2255 1400 2356 mercurius,
1418 2254 1464 2335 ad
1498 2243 1687 2334 maiorem
1718 2248 1814 2330 subit
1846 2248 1928 2331 alti.

661 2379 867 2472 tudinem.
899 2404 1013 2486 quun
1049 2381 1090 2463 in
1123 2375 1310 2488 angusto,
1358 2378 1558 2462 discrimen
1593 2378 1781 2463 interdum
1812 2377 1868 2459 eli
1896 2400 1919 2455 2

656 2500 846 2598 lineatum
881 2503 1036 2613 pollicis.
1083 2505 1284 2618 Quoniam
1316 2504 1393 2610 huc
1427 2530 1547 2614 usque
1579 2509 1676 2590 ratio
1708 2505 1924 2615 amplitudi-

605 2713 607 2718 ,
658 2628 863 2742 piscante
896 2629 1021 2716 habita
1055 2624 1264 2732 nonfirit,
1319 2658 1389 2715 nee
1441 2630 1489 2714 ab
1540 2631 1835 2714 obleruatoribus
1863 2632 1924 2716 ad·

657 2776 821 2868 notata,
869 2757 976 2839 nullis
1023 2748 1206 2842 hasienus'
1234 2758 1430 2870 descriptis
1462 2759 1786 2842 ooseruationibus
1816 2763 1925 2842 baro·

658 2885 824 2981 metricis
856 2883 971 2966 fidere
1005 2884 1110 2968 licet.
1158 2881 1360 2982 ¹Cralhties
1402 2887 1491 2967 vitri
1525 2887 1598 2970 vix
1631 2884 1832 2968 discrimen
1871 2889 1924 2970 as·

657 3005 755 3098 ferre
788 3009 910 3094 risum
941 3007 1022 3092 est:
1064 3014 1275 3098 notandum
1308 3013 1425 3095 etiam
1460 3012 1514 3096 est
1544 3038 1671 3122 genus.
1690 3011 1809 3114 uitri,
1844 3034 1919 3098 mnr

658 3132 701 3250 in
734 3159 803 3244 qua
836 3135 1022 3244 regione,
1054 3159 1094 3222 et
1125 3141 1165 3222 in
1196 3167 1267 3248 qua
1300 3137 1458 3224 officina
1491 3141 1641 3222 vinaria
1674 3141 1779 3222 tubus
1807 3139 1921 3224 satius

661 3259 738 3368 srt;
797 3263 943 3347 rtioam
985 3263 1065 3348 eiua
1094 3266 1183 3348 vitri
1214 3266 1460 3379 ingredientia
1490 3288 1622 3350 notare
1653 3266 1765 3350 fimat
1796 3269 1919 3372 polle·

659 3380 780 3470 tntis!
817 3388 874 3471 sed
923 3387 1081 3473 artifices
1131 3392 1222 3476 haec
1274 3393 1430 3501 celant3
1464 3394 1571 3501 idque
1602 3401 1706 3476 caula
1738 3393 1828 3491 est,
1858 3419 1923 3479 cur

661 3531 848 3623 nunquam
902 3513 1150 3626 Philosophus
1177 3519 1227 3601 de
1273 3543 1364 3602 rera
1416 3516 1614 3606 altitudine
1665 3522 1843 3604 mercurii
1886 3526 1927 3606 in

655 3637 877 3722 barometro
910 3640 951 3725 srt
970 3644 1112 3738 certior
1131 3646 1261 3748 ,uitro
1280 3671 1359 3729 vno
1375 3648 1564 3731 maiorem
1597 3646 1681 3734 tim
1705 3644 1924 3760 trahentem
1988 3731 1994 3744 ,

658 3783 701 3847 et
730 3766 980 3875 repellentem
1016 3768 1224 3876 pollidente
1254 3773 1387 3861 altero.
1499 3825 1502 3828 -

809 3903 1028 4001 Antequam
1063 3899 1253 3979 mercurio
1283 3880 1490 4006 impleatur
1520 3900 1629 3984 tubus
1648 3878 1679 4009 ‚¹
1707 3904 1928 3990 mundanda

657 4032 696 4104 tt
748 4017 924 4124 polienda
976 4018 1030 4102 est
1060 4025 1196 4105 cauitas
1228 4028 1404 4134 interna;
1445 4053 1536 4109 narn
1552 4027 1662 4112 three
1690 4033 1730 4114 iu
1763 4029 1927 4115 officina

658 4144 844 4244 vitraria,
899 4147 992 4226 dum
1029 4153 1300 4259 recoquebatur
1329 4152 1434 4232 lento
1463 4152 1689 4263 refrigerio,
1722 4163 1929 4242 contraxit

656 4265 836 4371 firmum,
882 4292 921 4350 ct
950 4271 1071 4358 sordes
1101 4303 1123 4357 a
1156 4279 1311 4360 vitrario
1344 4277 1518 4363 inflatas:
1564 4306 1757 4388 praeterea
1790 4289 1926 4393 super·

601 4428 608 4438 ’
657 4389 763 4482 screa
791 4395 1017 4512 aliquantum
1049 4402 1322 4517 inaequaliter
1357 4406 1483 4519 aspera
1530 4405 1621 4523 eli3
1673 4410 1742 4498 nih
1787 4400 1933 4496 'omnir

722 4571 727 4584 ·
886 4593 888 4600 ,
1782 4537 1935 4653 asperi·
