4175 5642
353 502 443 601 'DE
476 500 864 601 RESISTENTIA
896 506 1250 612 FLVIDORVM.
1345 533 1438 620 203
1569 596 1574 601 .

161 732 223 831 “tis
254 739 466 849 superficiei
497 742 667 856 corporis
698 739 893 852 partibus,
930 743 977 827 ad
993 752 1099 853 ‘quas
1124 747 1284 833 directio
1315 750 1443 833 flumi-

171 872 233 955 nis
263 869 349 957 OV
380 870 534 981 propius
564 872 610 953 ad
659 868 1006 979 perpendicularem
1054 875 1229 980 accedit,
1277 878 1445 961 renuen-

176 1002 273 1083 tiam
309 997 383 1081 else
422 1000 646 1105 oraiorem,
696 1014 808 1107 atque
857 998 1031 1081 omnium
1085 1004 1329 1108 maximam,
1374 1002 1445 1086 ubi

169 1126 333 1209 disertio
361 1122 469 1208 iluuii
496 1123 586 1209 OV
619 1125 669 1209 ad
698 1123 873 1234 corporis
902 1121 1138 1235 superficiem
1173 1126 1217 1210 stt
1248 1128 1444 1240 normalie;

171 1252 214 1335 io
244 1254 318 1336 istis
365 1252 461 1337 locis
492 1276 644 1363 quoque
676 1251 844 1336 celeritas
873 1250 983 1337 lluidi
1015 1253 1325 1363 praeterlabentis
1369 1258 1448 1339 mi-

169 1404 249 1465 nor
277 1380 350 1464 elle
382 1379 509 1463 debet.
593 1380 659 1465 Ad
690 1377 868 1490 angulum
898 1377 1037 1463 seilicet
1068 1378 1196 1464 auti
1229 1382 1314 1465 eu't
1332 1364 1448 1493 respi-

168 1506 384 1617 ciendum,
416 1507 482 1617 qui
513 1531 592 1617 quo
623 1505 734 1591 literit
766 1507 906 1616 maior,
939 1504 1003 1589 seu
1035 1510 1152 1593 recto
1174 1514 1366 1619 propior,
1397 1509 1448 1595 ibi

166 1636 345 1723 celeritas
376 1658 494 1745 aquae
524 1652 633 1719 tanto
664 1636 796 1721 minor
826 1633 870 1717 iit
902 1628 1049 1717 necetse
1083 1636 1166 1740 est,
1214 1659 1347 1721 contra
1378 1662 1463 1722 au-r
1579 1661 1582 1669 ’

165 1772 259 1849 tem
293 1788 342 1848 eo
375 1764 532 1868 maior,
560 1762 627 1845 ubi
657 1759 722 1847 hic
756 1760 908 1869 angulus
938 1764 1171 1847 diminuitur.
1237 1765 1286 1847 lo
1326 1762 1448 1871 figura

165 1890 292 1999 igitur
335 1887 510 1973 exhibita
550 1885 745 1973 celeritas?
771 1908 885 1998 aquae
931 1888 1237 1997 praeterlabentis
1269 1894 1372 1973 circa
1403 1892 1446 1973 Α

165 2016 248 2101 etit
280 2018 473 2109 minimo.
505 2016 607 2099 circa
637 2020 672 2097 li
705 2036 799 2098 uero
831 2015 1009 2098 maxime
1029 2046 1039 2129 ².
1056 2036 1058 2040 ·
1074 2034 1184 2124 atque
1214 2015 1293 2104 hoc
1323 2016 1446 2101 etiam

166 2144 412 2255 experientia
446 2135 646 2228 manifesto
675 2140 866 2247 declarat,
899 2167 973 2249 qua
1002 2142 1160 2247 constat,
1176 2166 1313 2251 aquam
1346 2144 1446 2226 circu

166 2276 359 2363 verticem
393 2272 689 2381 operumque
741 2266 821 2351 fere
862 2271 1015 2379 penitus
1064 2270 1260 2380 stagnare,
1305 2268 1445 2383 impri-

166 2399 247 2484 mis
278 2400 307 2489 fi
339 2397 495 2509 soprius
522 2398 672 2485 ΟΑΜ
704 2396 814 2480 fuerit
846 2396 981 2484 secius

326 2526 407 2611 Xl.
439 2525 639 2637 Quoniam
674 2522 789 2632 igitur
820 2520 1000 2609 nouimus
1029 2550 1101 2633 pec
1127 2522 1296 2633 regulam
1316 2520 1473 2640 tulgas.

167 2672 293 2755 pem,
326 2652 564 2759 quantumuis
596 2648 709 2731 debili
726 2652 864 2730 nitatur
894 2648 1175 2755 fundamento,
1205 2650 1481 2741 resistentiam·

172 2796 325 2861 tamen·
341 2799 479 2887 parum
513 2800 535 2857 a
564 2796 662 2858 uero
693 2774 927 2859 aberrantem
946 2776 1129 2872 obtineri,
1145 2776 1229 2862 eius
1259 2779 1446 2871 beneficio
1476 2812 1480 2841 1

170 2902 417 2987 celeritatem
465 2924 582 3009 aquae
634 2900 738 2983 iuxta
775 2923 914 3007 corpus
961 2903 1303 3011 praeterlabentem
1350 2926 1481 2995 vero·
1559 2930 1565 2938 ·

166 3031 357 3142 proxime
406 3026 585 3135 assignare
631 3026 875 3135 poterimus3
913 3044 966 3108 -et
1011 3029 1193 3137 quoniam
1233 3035 1271 3116 in
1301 3037 1477 3122 eodem,
1587 3111 1590 3116 ¹

167 3156 300 3243 riuulo
330 3151 371 3237 Ο
403 3153 444 3235 in
478 3150 626 3263 fingulis
655 3153 751 3235 locis
768 3149 876 3267 sss
872 3151 914 3269 s
921 3152 958 3236 E
1004 3156 1221 3266 amplitudo
1269 3163 1445 3273 recipro-

164 3308 263 3371 cam
296 3298 405 3365 tenet
435 3283 624 3363 rationem
653 3279 882 3383 celeritatis,
934 3280 1023 3365 hinc
1064 3284 1176 3368 fimul
1223 3286 1443 3396 amplitudi·
1469 3335 1504 3351 ..

167 3435 269 3496 nem
305 3408 403 3492 istius
431 3406 541 3491 riuuli
571 3432 710 3508 cornus
758 3406 1014 3514 contingentis
1063 3409 1104 3489 in
1153 3410 1303 3518 siugulis
1351 3398 1445 3500 lucit

168 3535 339 3625 definire
386 3534 526 3619 licebit.
620 3533 727 3617 Tum
778 3554 872 3613 uero
904 3558 1024 3641 porro
1058 3534 1187 3643 primo
1214 3536 1290 3619 hoc
1320 3540 1445 3624 riuulo

168 3660 525 3750 constiuito‘limili
557 3662 703 3745 ratione
735 3659 875 3742 riuulus
905 3658 1059 3769 sequens
1087 3660 1115 3767 s
1122 3688 1149 3775 g
1160 3690 1193 3773 g
1199 3662 1238 3775 f
1252 3727 1266 3769 ,
1286 3664 1354 3747 leo
1386 3670 1442 3749 se-

169 3793 344 3892 cundus,
396 3814 449 3874 ex
499 3788 648 3897 hocque
677 3787 807 3871 tertius
827 3784 904 3897 gh
923 3785 1023 3898 hg,
1057 3789 1218 3901 indeque
1249 3791 1443 3902 sequentes

169 3944 272 4003 vero
308 3919 493 4030 proxime
523 3915 707 4026 defiguati
738 3934 932 4025 poterunt.
1012 3916 1123 4027 Quae
1143 3922 1443 4013 determinatio:
1577 3968 1581 3974 ,

169 4072 243 4133 nes
277 4046 344 4131 etii
374 4038 404 4131 a
428 4046 589 4129 ueritate
621 4044 848 4153 aliquantum
881 4053 1051 4159 recedere
1083 4046 1162 4129 suut
1210 4050 1441 4165 censendae,

170 4175 378 4260 tamenin
410 4188 492 4256 tam
526 4172 639 4257 ardua
668 4170 953 4279 iouelligatioue
986 4172 1118 4279 insigni
1151 4172 1212 4255 usu
1253 4200 1331 4259 nou
1380 4207 1441 4296 ca·
1547 4189 1556 4205 '

171 4302 327 4386 rebuot.
358 4298 503 4414 Quodfi
532 4301 637 4383 enim
671 4298 746 4380 itm
777 4320 872 4379 vero
904 4298 1087 4406 proxime
1117 4301 1280 4385 tractum
1313 4304 1443 4423 singu3

173 4426 305 4517 ionem
337 4426 549 4523 riuulorum
580 4448 657 4513 una
690 4447 778 4511 cum
808 4446 933 4636 {quae
985 4420 1173 4511 celeritate
1218 4433 1439 4543 cognouere

638 4592 639 4595 Ν
859 4573 943 4633 ca
1341 4588 1439 4673 mus,
