4175 5642
685 589 773 673 μδ
946 555 1603 708 ·ΡὶᾼΝΤΑΚγΜ

687 801 853 910 turdus,
885 798 1110 884 membrano
1145 793 1352 903 molliori,
1386 813 1497 880 antea
1527 794 1725 899 indicate,
1758 799 1858 909 qntli
1888 822 1954 884 co.

686 952 852 1011 romeos.
947 923 1170 1010 Numerum
1222 921 1442 1008 foliolornm
1493 925 1632 1030 calycis
1688 923 1838 1010 insimul
1887 928 1955 1012 td·
2050 984 2055 1008 .

549 1061 555 1068 ’
614 1070 618 1076 ’
686 1079 864 1166 ponere,
915 1051 1142 1162 superfluum
1195 1055 1313 1134 videri
1374 1051 1493 1160 pollet
1532 1052 1749 1138 nonnullis:
1790 1075 1951 1138 attamen

684 1187 771 1265 ideo
802 1183 982 1263 omittere
1016 1180 1147 1288 nolui,
1181 1180 1265 1286 qnia
1298 1179 1526 1264 constantem
1561 1179 1667 1262 illum
1698 1179 1774 1262 elie
1806 1203 1957 1292 cogno·
2052 1242 2055 1273 ;

686 1310 760 1417 vi;
816 1311 856 1390 io
906 1308 1037 1392 multis
1082 1295 1189 1390 enim
1223 1304 1378 1388 floribus
1409 1301 1574 1390 differtis
1601 1329 1690 1389 enm
1721 1305 1874 1417 semper
1906 1329 1956 1390 ex
2051 1280 2058 1356 l

691 1462 747 1519 22
782 1455 822 1517 et
858 1460 920 1540 24
948 1433 1087 1518 foliolis
1118 1434 1284 1516 constare
1313 1435 1504 1544 comperi.
1600 1433 1798 1542 Postquam
1845 1431 1959 1538 euly-
2054 1439 2055 1450 '

688 1589 775 1645 cem
809 1563 991 1673 exposui,
1027 1549 1173 1670 transeo
1205 1583 1305 1642 nunc
1337 1564 1383 1644 nd
1417 1560 1544 1646 flores.
1610 1561 1664 1644 lli
1697 1561 1958 1668 duplicisge-

690 1693 791 1773 neris
825 1693 933 1773 lunt:
986 1691 1050 1773 olii
1084 1691 1123 1772 io
1155 1687 1263 1770 radio
1297 1689 1343 1772 src
1376 1689 1484 1773 dieto
1515 1689 1685 1796 lingulati
1715 1705 1756 1768 et
1788 1685 1956 1797 pistrilnti

688 1839 868 1923 tartum,
899 1816 1034 1899 aliifin
1069 1816 1198 1922 dil'co,
1228 1815 1388 1899 tubulosr
1421 1835 1461 1898 et
1495 1814 1814 1924 hermaphroditi.
1880 1814 1957 1900 Ra·

690 1947 743 2029 dii
773 1944 916 2029 flosculi
949 1945 990 2026 in
1022 1943 1148 2044 flore,
1179 1944 1240 2024 cui
1273 1941 1368 2024 nihil
1401 1967 1453 2026 ex
1482 1933 1663 2028 omnibus
1694 1941 1762 2024 suis
1783 1943 1956 2050 parribus

691 2072 836 2181 deest,
872 2069 1094 2154 ¹duodecim
1148 2070 1291 2180 semper
1338 2091 1621 2183 numerantur,
1681 2089 1722 2152 et
1772 2068 1953 2176 lingulam
2057 2061 2058 2096 ¹

689 2200 817 2284 sillum
850 2217 1041 2303 nontam,
1084 2197 1124 2277 in
1159 2199 1265 2304 apice
1296 2221 1409 2282 crena
1443 2223 1517 2281 rna
1550 2197 1758 2280 telonem
1790 2196 1957 2306 emargi-

690 2347 855 2426 natrm‚
905 2324 1000 2406 otio
1047 2321 1159 2406 linere
1198 2323 1389 2431 longam,
1441 2328 1603 2432 quinque
1633 2325 1679 2404 ad
1712 2323 1776 2404 lex
1810 2325 1952 2423 intem,

689 2454 885 2555 nitidam,
915 2449 1147 2552 deflexam,
1190 2453 1327 2533 dnobus
1359 2451 1468 2534 luteis
1500 2453 1608 2532 tenir
1640 2448 1840 2534 secundnm
1875 2449 1956 2534 lon·

690 2578 901 2687 gitrrtlinem
953 2575 1234 2657 excurrentibus
1278 2593 1318 2656 et
1343 2579 1496 2661 multis
1543 2575 1623 2658 aliis
1663 2575 1954 2662 transuerlalibns

690 2723 875 2788 notarum.
943 2698 1131 2784 Colorem
1166 2702 1311 2785 luteum
1346 2703 1459 2789 flores
1492 2701 1551 2786 ilii
1576 2702 1745 2809 hebent,
1781 2707 1841 2790 sed
1876 2707 1955 2790 ideo

693 2857 783 2944 prne
813 2830 966 2941 reliquis
998 2831 1106 2912 huius
1134 2829 1252 2913 clullrs
1280 2832 1494 2937 notabiles,
1543 2836 1627 2940 quin
1656 2831 1695 2914 in
1728 2833 1826 2916 flore
1858 2833 1958 2916 ndul-

693 2962 782 3042 tiori
817 2981 854 3040 er
886 2958 1028 3039 semim
1066 2956 1336 3041 maturescente
1367 2959 1561 3074 perfissunt
1607 2960 1959 3066 immarceleibiles‚

691 3104 733 3167 et
767 3085 943 3194 exiguum
975 3084 1240 3168 alterationem
1273 3087 1416 3170 coloris
1447 3089 1648 3198 patiuntur.
1747 3085 1961 3172 Continttns

637 3265 643 3272 ·
694 3211 746 3294 eli
780 3210 949 3294 liolrolrrs
982 3209 1049 3293 ille
1081 3209 1272 3318 lingulatrrs
1301 3238 1388 3298 cnm
1421 3213 1564 3300 semine
1597 3215 1812 3325 triquetro,
1849 3215 1963 3298 strie-

696 3360 770 3442 to,
820 3341 1000 3444 cinereo,
1053 3337 1239 3442 intorno,
1283 3365 1352 3424 nec
1386 3367 1571 3454 umquam
1601 3344 1649 3426 ab
1680 3369 1731 3426 eo
1760 3346 1960 3450 separatur.

694 3467 762 3551 Ex
796 3467 1014 3548 meditullio
1044 3465 1191 3548 flosculi
1222 3468 1313 3548 ‘exit
1345 3469 1524 3578 pistillum
1558 3471 1746 3570 unicum,
1798 3467 1961 3553 diuisum

694 3598 734 3679 in
767 3597 855 3677 duas
886 3595 990 3675 mbas
1023 3595 1172 3694 luteas,
1222 3587 1459 3698 incur'natrr,
1511 3595 1600 3680 duas
1649 3596 1761 3680 linens
1814 3591 1987 3704 longus.¹

694 3720 860 3808 Alterius
888 3721 1041 3826 generis
1070 3719 1210 3824 flores,
1258 3719 1567 3830 hermaphroditi
1622 3747 1797 3831 nempe,
1849 3721 1966 3832 posrti

695 3849 776 3932 snm
807 3851 844 3928 in
880 3847 1052 3928 rlrrlsrmo
1081 3848 1222 3928 conico
1254 3849 1452 3957 prlereeo,
1484 3848 1621 3940 lineam
1649 3849 1778 3934 etalio
1808 3869 1849 3932 et
1880 3849 1968 3932 sun·

694 3976 818 4084 goso,
867 3973 1118 4080 quarnarii,
1168 3977 1235 4080 qtri'
1266 3995 1440 4057 centrum
1474 3964 1561 4058 disci
1587 3961 1808 4086 occupant,
1851 3978 1969 4057 cirins

695 4105 846 4210 reliquis
874 4097 1145 4202 efflorentem
1195 4101 1404 4185 constantes
1436 4125 1565 4186 aorem
1598 4125 1648 4185 ex
1680 4104 1827 4187 corolla
1870 4125 1971 4206 mo·¹

622 4239 627 4251 '
695 4229 870 4334 nop'errln
903 4225 1103 4327 tubulosn,
1151 4225 1241 4310 tubo
1277 4229 1381 4313 breui
1413 4231 1454 4313 in
1487 4227 1566 4314 fine
1599 4227 1758 4338 globoso
1792 4251 1834 4312 et
1866 4253 1974 4338 qno-

694 4351 1175 4463 demrnodocompreffo,
1207 4354 1331 4440 limbo
1363 4359 1400 4440 in
1430 4359 1590 4468 quinque
1623 4357 1816 4466 segmenta
1848 4355 1978 4438 linea-

605 4567 609 4578 ,
696 4479 784 4589 ria,
815 4497 923 4563 extnr
955 4479 1186 4590 fe'rmginea,
1219 4482 1319 4570 intus
1351 4483 1448 4570 lutee
1487 4503 1528 4567 et
1559 4482 1799 4588 tomentoli,
1831 4481 1979 4563 diuiso.

1792 4605 1986 4698 Stamina
2057 4691 2058 4722 ζ
