4175 5642
351 520 1198 635 DESCRIPTIONES.
1318 553 1409 650 ssd

150 759 219 854 tim
250 766 350 852 banc
379 769 495 854 eliam
527 759 831 874 obtusionem,
881 767 966 884 quia
1015 770 1277 878 peregrinator
1325 758 1413 878 qula

149 899 271 1005 dam,
303 894 370 1007 qui
401 891 565 980 Chinam
599 895 697 980 haud
730 899 782 979 itn
816 897 965 1004 pridem
998 897 1191 1000 iifitauit,
1228 897 1411 999 adseruit,

147 1032 194 1106 de
245 1022 273 1106 ll
321 1025 359 1105 in
407 1047 527 1132 tegno
574 1022 705 1109 fiuenli
744 1022 916 1107 unificae
954 1042 994 1105 et
1014 1023 1148 1132 daupi
1190 1021 1250 1105 sua
1283 1023 1416 1133 sponte

147 1171 233 1231 nou
279 1145 497 1232 crescerent.
596 1151 717 1234 Huius
754 1169 852 1232 uero
879 1148 1069 1255 opinionis
1099 1147 1303 1232 uanitatem
1338 1164 1417 1232 bon

144 1271 272 1357 solum
305 1273 449 1357 indices
480 1275 692 1387 plantarum
723 1279 984 1387 antiquiores,
1017 1271 1134 1385 qualis
1165 1277 1218 1356 est
1250 1275 1414 1359 immor-

149 1399 237 1485 talis
265 1399 499 1500 merram,
534 1405 597 1514 qui
638 1408 677 1488 ln
707 1405 833 1488 indice
860 1400 979 1486 aiteio
1010 1401 1064 1486 ΙΙ.
1101 1419 1138 1514 p.
1181 1425 1254 1484 η.
1286 1399 1418 1487 Brassr·
1470 1419 1476 1430 '

146 1527 452 1612 caminensem
483 1529 579 1614 solio
604 1530 811 1640 inducas,-
859 1529 956 1613 flore
989 1528 1132 1630 luten,
1181 1553 1275 1640 quae
1325 1528 1424 1615 sorte

146 1655 280 1738 nostra
325 1656 378 1740 est
427 1649 593 1771 speciest
646 1650 687 1744 et
736 1682 776 1770 p.
826 1670 897 1754 13.
958 1653 1090 1767 Sinapi
1117 1656 1291 1741 chinense
1323 1657 1420 1742 solio

144 1781 332 1886 acanthi,
380 1784 478 1866 iuter
510 1785 654 1894 plantas
684 1799 772 1869 tunc
802 1787 988 1894 temporis
1006 1788 1099 1869 iam
1116 1789 1131 1806 '⁴
1148 1799 1281 1888 notas,
1333 1809 1424 1868 ertu·

146 1927 301 1994 metat:
335 1907 398 1994 sed
430 1912 548 1994 etiam
579 1914 709 1997 omnis
738 1910 857 1996 fittura
890 1913 1077 1996 dubitatio
1110 1910 1222 2020 plane
1256 1912 1450 2020 tulletum·

143 2037 174 2122 li
205 2037 392 2120 certiores
421 2038 520 2121 lireio
551 2041 742 2146 curiosos,
793 2060 913 2149 aeque
944 2042 985 2123 in
1017 2035 1144 2122 Cblna
1177 2063 1223 2124 ac
1254 2039 1293 2122 in
1340 2037 1424 2121 aliia

144 2163 398 2275 regionibus,
426 2163 620 2252 braduam
653 2165 860 2278 quamdam
889 2167 963 2250 else
994 2167 1223 2275 indigenam.
1290 2159 1424 2248 Sciens
1447 2197 1453 2206 ·

146 2293 279 2402 itaque
326 2287 483 2394 exteri,
531 2295 814 2379 commercium
870 2292 1081 2378 litterarum
1115 2295 1237 2380 Acad.
1274 2287 1423 2376 Scient.
1537 2403 1538 2406 w

144 2409 482 2528 Petropolitanam
522 2421 586 2505 diu
618 2422 696 2505 iam
724 2438 814 2504 cum
844 2421 898 2503 R.
927 2421 972 2504 P.
1007 2419 1149 2502 Sneler.
1179 2411 1260 2501 lesu
1311 2409 1455 2500 Pekls'

143 2547 189 2628 ni
222 2546 553 2630 commorantibus
583 2546 760 2645 babere,
789 2543 943 2650 illosque
974 2543 1126 2628 subinde
1158 2542 1298 2628 semina
1321 2543 1425 2626 uaria

142 2671 310 2755 insimul
359 2670 471 2753 nobis
517 2663 754 2754 tranmi'sisse.
829 2667 972 2754 Talem
1004 2671 1274 2756 collectionem
1314 2667 1426 2755 semi·

140 2819 250 2881 nurn
285 2796 403 2879 etianr
439 2803 561 2897 1756
593 2788 665 2908 per
696 2783 931 2881 mercatores
962 2796 1112 2882 mssrcoa
1143 2793 1285 2883 Peklno
1314 2795 1459 2882 Aca-2

139 2925 285 3008 demis
314 2912 456 3005 Scinnt.
492 2920 730 3032 impetrauit.
790 2921 899 3007 Inter
930 2947 973 3006 ea
1006 2921 1165 3008 fasciculi
1194 2925 1275 3008 'duo
1301 2939 1427 3032 erant,
1450 2921 1458 2934 ”

144 3051 248 3135 ultor
280 3034 442 3130 Brassrea
474 3048 649 3149 suculis,
690 3049 787 3132 aiter
815 3044 951 3133 Caules
978 3047 1083 3134 sinici
1109 3050 1313 3156 maximi,
1365 3049 1429 3131 ln·
1473 3107 1478 3118 .

148 3172 288 3285 figniti.
355 3173 570 3286 Vtrumque
600 3171 729 3260 semen
761 3173 902 3282 satum,
931 3189 971 3258 et
1001 3193 1054 3260 ex
1072 3193 1166 3262 terra
1185 3177 1429 3288 prouenlens,

147 3299 322 3414 protulit
351 3300 460 3385 unius
489 3302 730 3411 eiusdemque
757 3301 891 3412 speciei
924 3301 1104 3412 plantas,
1136 3303 1236 3386 banc
1268 3321 1428 3412 nempe»

147 3427 495 3537 quammulti,
542 3425 752 3513 brassicam.
824 3425 913 3512 Nin
945 3451 1013 3511 me
1044 3430 1241 3538 instigasset
1271 3429 1428 3512 curiosr·

145 3572 215 3638 tas
248 3576 288 3637 er
318 3555 540 3664 experiendi
570 3553 821 3659 defidetium,
872 3575 922 3635 an
947 3548 1140 3638 differrent
1172 3557 1291 3638 etiam
1334 3553 1430 3639 cha·

148 3678 366 3766 redonnus
384 3673 577 3790 specificis
607 3679 655 3765 ab
685 3679 764 3764 huc
796 3701 914 3791 taque
942 3681 1106 3789 cognitis
1134 3680 1431 3791 brafficae'spe·

148 3808 286 3894 clebus
313 3809 525 3912 indicatae,
561 3807 765 3893 omisrlsem
795 3807 893 3891 sorte
925 3807 1067 3892 borum
1102 3809 1287 3894 seminum
1321 3809 1431 3894 sario·

150 3957 276 4035 nem,
308 3937 396 4048 quia
425 3936 505 4020 iam
534 3956 587 4021 ex
616 3933 861 4022 commercio
890 3936 1101 4021 litterarum
1151 3931 1428 4022 antecessorum

151 4083 346 4158 mennam
406 4086 696 4173 cognoueram‚
762 4060 841 4172 plus
898 4063 982 4148 tice
1037 4056 1202 4174 simplici
1252 4083 1331 4148 non
1384 4081 1430 4151 es

152 4185 285 4274 solum
318 4188 461 4274 semina
511 4189 714 4274 transmissa
764 4188 874 4296 esse,
942 4213 1037 4300 quae
1084 4187 1260 4274 Sinarum
1309 4208 1431 4297 reguo

157 4313 344 4428 indigena
376 4315 490 4421 sunt,
528 4318 590 4401 sed
621 4313 792 4422 etalio,
843 4336 896 4404 nx
928 4315 1008 4399 alils
1040 4316 1244 4426 prouinciis
1295 4317 1429 4402 seusun

156 4437 281 4530 istan
373 4439 509 4540 Simile
554 4444 645 4564 quid
692 4459 733 4530 et
781 4464 882 4526 nuuc
929 4441 1073 4530 sadum
1121 4438 1255 4554 stille,
1313 4443 1433 4653 latez

767 4567 901 4693 [ita
1126 4567 1132 4572 ’
1351 4569 1385 4650 ¹2
