4175 5642
529 442 649 636 -sse-:e
681 522 697 642 i
727 551 756 610 0
789 530 809 630 )
839 524 983 634 siem·
1306 523 1399 676 ‘⁶2'

133 755 291 843 trimum
345 740 513 837 aduertit
534 779 565 854 ,·
596 719 721 866 iungit
769 769 906 840 tamen
934 751 1208 864 'cogitationes
1255 748 1398 870 eliquat

131 889 218 986 sors,
251 881 330 966 huc
361 881 620 992 pertinentes,
653 885 915 994 qtuesiionum
951 884 1012 967 sub
1042 883 1196 988 forme,
1232 886 1272 969 in
1302 912 1398 997 qua·

129 1011 356 1120 tumulique
390 1007 581 1117 insinuet,
614 1013 802 1095 mirabilis·
832 1011 1096 1121 phaenomeui
1128 1009 1324 1101 Hasonum
1356 1032 1399 1100 et
1523 1057 1528 1075 ι

130 1140 383 1240 Perheiiorum
429 1132 604 1245 ceubm,
636 1139 695 1223 suu
725 1163 777 1223 ex
808 1159 971 1244 mente,
1023 1139 1101 1222 fine
1133 1141 1251 1227 dubio
1281 1145 1321 1228 iu
1353 1144 1397 1227 iis

129 1267 366 1379 qurereudrm
417 1263 525 1372 esse,
578 1293 673 1376 quae
726 1267 894 1351 summus
945 1267 1159 1355 Newtonus
1204 1273 1252 1356 de
1302 1294 1393 1382 pro·

127 1400 276 1506 prietrte
330 1393 522 1498 luminis,
575 1419 691 1504 quam
723 1385 934 1479 recessuum
968 1395 1084 1509 saciiis
1113 1397 1395 1482 tmusmisstonis

126 1543 161 1605 et
191 1517 406 1608 reflexionis
437 1523 600 1604 nomine
633 1518 852 1627 iufigniuit,
902 1521 1077 1625 detexit,
1118 1527 1222 1608 vnde
1254 1547 1397 1634 optau-

123 1655 210 1734 dum
243 1650 328 1756 esi,
379 1669 424 1730 vt
453 1649 582 1755 aliquis
616 1639 870 1754 Phyficomm'
894 1653 946 1748 ad
976 1647 1130 1730 ulterius
1158 1652 1396 1733 examinen-

122 1777 207 1862 drm
241 1777 339 1861 bruc
367 1771 582 1858 dodrinum
609 1765 642 1886 ,'
670 1795 798 1884 quae,
847 1764 981 1860 nescio·
1002 1768 1083 1882 qoo'
1111 1771 1216 1873 sato,
1247 1779 1389 1889 indes

120 1901 293 1988 Neruionr‘
324 1924 507 2011 ternpore
534 1899 613 1988 sere
643 1895 812 2012 uegit&
843 1919 893 1985 ac
936 1900 1077 1987 inculte
1126 1900 1260 2013 iacet,
1304 1906 1392 1991 eni·

120 2051 230 2116 mum
262 2031 454 2115 aduerttt.
1379 2068 1385 2080 ·

748 2305 806 2412 V.

115 2485 346 2609 Piscium
388 2483 665 2612 rariorum
707 2523 746 2610 e
798 2487 1004 2614 Museo
1068 2493 1380 2662 Petropoli·

234 2683 371 2780 tarro
418 2683 795 2826 exceptorum
839 2663 1258 2837 descriptiones.

145 2939 416 3070 Austore
468 2945 510 3068 Ι.
558 2947 642 3072 Τ.
685 2947 1035 3080 Koelreuter
1073 2988 1133 3116 p·
1179 2987 1336 3148 40⁴4*

107 3265 288 3498 Rede
324 3287 387 3380 ΕΙ.
424 3296 571 3381 Audior
597 3295 764 3382 celebrat
813 3297 1006 3410 ingentem
1058 3320 1186 3382 rerum
1234 3301 1379 3384 netum·

227 3425 338 3508 lium
374 3424 586 3508 thesaurum
622 3427 660 3508 in
695 3425 832 3510 Museo
881 3426 1167 3537 Petropolitrno
1214 3418 1379 3508 efferor·

105 3563 208 3655 tum,
239 3571 283 3634 et
323 3553 495 3664 inprimis
523 3549 809 3638 Collectionem
842 3553 1033 3657 Piscium,
1064 3577 1180 3660 quam
1211 3554 1377 3638 immor·

104 3673 173 3756 ttiis
221 3682 455 3764 memoriae
500 3681 716 3788 Imperator
744 3676 957 3769 PETRVS
992 3675 1235 3765 MAGNVS
1264 3706 1287 3766 a
1317 3678 1372 3765 V.

103 3795 404 3893 Ces.AIb.Seba
422 3808 521 3894 haud
544 3832 659 3917 paruo
678 3813 807 3922 pretio
823 3808 1078 3918 comparauit.
1111 3807 1196 3918 Ipse
1213 3809 1371 3918 quidem

96 3926 193 4016 Seba
224 3961 292 4019 res
318 3934 439 4021 Mum
458 3937 504 4020 sui
524 3938 679 4021 rariores
696 3937 899 4021 describere
915 3935 1088 4039 instituit,
1115 3934 1371 4043 etelegrntis·

92 4055 190 4142 simis
205 4065 395 4148 iconibus
427 4064 619 4148 illustratas
646 4066 790 4149 duobus
805 4064 921 4148 tomis
936 4063 1139 4170 euuigruit.
1188 4061 1370 4171 Tertium

91 4207 243 4296 eutem,
265 4195 338 4301 qui
376 4193 490 4300 pisces
517 4189 702 4277 exhibere
720 4193 900 4295 debebat,
926 4214 1030 4274 mors
1061 4189 1369 4274 inlueememit·

90 4331 162 4397 tete
181 4317 417 4428 prohibuit.
477 4317 580 4398 H'roe
605 4341 768 4428 operam
801 4343 876 4426 pro
906 4313 1172 4423 amplificando
1204 4317 1371 4404 Historia

84 4447 247 4534 rrruraii
306 4467 390 4532 uon
438 4442 624 4532 inutiliter
669 4445 873 4530 coiloeeuit
927 4439 1226 4553 iserbertum,
1275 4447 1370 4531 dum
1447 4523 1454 4532 .

1254 4577 1377 4689 pisces
