4175 5642
596 623 598 632 ’
698 631 759 699 22
1129 595 1558 738 ieiaculatu-
1775 744 1777 747 .

699 842 815 948 llum,
843 865 951 928 arcas
981 839 1028 929 ils
1055 843 1211 931 include
1241 845 1327 931 satir
1352 836 1488 934 madia
1517 840 1705 932 dimet‘ui.
1751 843 1883 963 Quam
1914 844 1969 934 ob
2061 872 2064 877 ·

693 970 847 1062 cansam
880 973 957 1057 iam
991 973 1141 1080 pridem
1172 967 1415 1064 Geometrre
1445 974 1485 1072 iu
1518 972 1603 1060 luoc
1631 973 1969 1088 elabortuemut,

670 1205 672 1214 Ι
701 1115 747 1182 nt
776 1087 885 1183 loco
903 1100 1205 1209 quadraturamm
1236 1105 1366 1220 potius
1394 1097 1689 1187 rectificatioues
1705 1125 1900 1188 eruturum
1927 1103 1970 1186 in

699 1225 818 1311 irunt?
835 1225 945 1311 tsrnn
974 1229 1243 1341 traducerent3
1273 1232 1361 1342 quia
1391 1229 1520 1314 sittim
1551 1254 1599 1314 ac
1628 1229 1730 1314 lium
1762 1252 1876 1316 cunta
1901 1251 1974 1314 ac-

694 1372 828 1438 curate
859 1353 970 1439 literit
1001 1357 1185 1470 descripta
1214 1358 1496 1468 longitudinem
1526 1357 1699 1470 cariusque
1735 1383 1841 1443 arcus
1890 1355 1971 1442 siue

696 1481 783 1566 ullo
813 1505 998 1590 apparatu
1028 1510 1109 1596 ope
1141 1485 1199 1571 fili
1232 1484 1401 1571 dimetiri
1429 1483 1554 1591 licet,
1597 1485 1655 1567 iu
1695 1511 1774 1595 quo
1810 1485 1973 1594 negotio

690 1609 795 1692 olim
816 1609 1067 1720 ⁸Herurarrattr
1098 1611 1360 1697 immortalem
1393 1609 1561 1720 gloriam
1594 1611 1649 1700 cll
1665 1612 1856 1722 ademtis,
1869 1598 1969 1696 dum

695 1735 897 1852 problema
929 1735 977 1821 ab
1010 1727 1090 1820 aliia
1122 1762 1195 1848 pro
1211 1734 1421 1847 desperato
1437 1735 1613 1822 habitum
1646 1737 1794 1824 summa
1827 1733 1970 1850 sagaci·

693 1877 774 1960 tate
805 1863 991 1973 resolrdt„
1009 1887 1065 1974 let
1095 1890 1171 1977 pro
1199 1868 1455 1978 cuiuscunque
1485 1887 1619 1950 curuae
1652 1866 1875 1985 quadratura
1921 1865 1970 1963 li·

693 1981 782 2084 ntus
811 2015 941 2078 curuau
967 1993 1067 2078 adeo
1105 1991 1331 2105 algebmicas
1371 1991 1549 2104 'inuenire
1597 1993 1759 2100 docuit,
1807 1997 1969 2103 quonum

681 2117 969 2207 ‘rectificatione
1000 2123 1105 2207 idem
1138 2120 1311 2231 praeliari
1341 2141 1468 2232 queat.
1532 2113 1635 2204 Cum
1669 2122 1784 2232 igitur
1822 2120 1966 2206 nullum
2029 2147 2037 2162 ·

692 2246 740 2333 lit
772 2249 967 2357 dubium,
998 2252 1092 2368 quin
1125 2246 1343 2335 huiusmodi
1375 2247 1672 2334 conslmcliones
1702 2271 1752 2332 eo
1784 2245 1856 2334 srnt
1889 2249 1966 2355 cle·

692 2375 913 2486 guntione,
944 2402 1022 2490 quo
1052 2377 1189 2464 facilius
1217 2403 1381 2488 cumae,
1412 2401 1573 2488 quarunt
1602 2373 1828 2460 redlificatio
1860 2374 1966 2460 adhi-

691 2501 836 2610 betur,
869 2502 1021 2590 describi
1053 2506 1221 2616 queant,¹
1253 2504 1305 2587 -in
1332 2503 1413 2626 lroc
1450 2505 1611 2616 negotio
1639 2502 1864 2604 sellionibus
1881 2523 1970 2620 ‘co-

691 2628 787 2716 nitis
802 2687 814 2719 .
830 2631 962 2742 Ellipsr
994 2634 1131 2730 scilicet
1150 2639 1200 2721 'et
1232 2629 1508 2746 Hyperbolae‚'
1535 2632 1679 2718 merito
1708 2633 1856 2745 primae
1874 2655 1970 2742 par·

692 2771 751 2840 tes
780 2753 860 2844 fiunt
894 2761 1109 2867 tribuendae
1128 2787 1160 2872 ς,
1186 2777 1226 2844 et
1277 2785 1368 2844 cum
1417 2759 1642 2872 plerumque
1691 2757 1967 2878 difficillimum

690 2879 736 2982 fit
767 2883 938 2971 indolem
972 2911 1105 2970 earum
1134 2886 1386 2969 formularum
1435 2885 1676 2993 integralium
1725 2883 1969 2996 perspicere,

687 3031 848 3122 quarum
880 3007 1031 3116 valorer
1059 3033 1131 3120 per
1160 3018 1279 3114 arcus,
1298 3005 1371 3093 liue
1402 3007 1614 3118 ellipticos,
1634 3005 1709 3095 line
1739 3007 1969 3120 hyperboli-

686 3158 778 3248 cos,
810 3135 1028 3245 exprimere
1044 3136 1179 3243 liceat,
1211 3133 1361 3220 Aullur
1374 3133 1440 3219 hic
1459 3133 1626 3246 fingulari
1647 3133 1839 3223 methodo
1854 3161 1978 3249 prae·

689 3263 824 3376 ripuar
854 3262 1035 3349 formulas
1065 3265 1265 3376 integrales
1294 3261 1525 3374 inuestigat‚
1571 3289 1670 3376 qnae
1703 3263 1783 3350 hoc
1833 3267 1964 3352 modo

688 3387 1011 3478 conllrudliouem
1053 3394 1274 3480 admittunt.
1334 3385 1477 3476 Celeb.
1517 3389 1755 3480 Alembertas
1780 3381 1964 3504 ‘quidem

687 3512 768 3620 hoc
799 3519 904 3605 idem
937 3539 1209 3628 argumentum
1242 3519 1322 3604 iam
1357 3519 1509 3629 pridem
1541 3521 1582 3602 in
1603 3521 1696 3606 allis
1712 3519 1835 3606 Acad.
1855 3521 1964 3632 Reg.

685 3639 869 3760 l’rullicae
920 3648 1209 3760 pertrallauit,
1261 3644 1391 3732 Euleri
1440 3671 1538 3731 uero
1591 3648 1801 3734 methodus
1842 3635 1963 3757 ¹plane

687 3797 805 3878 noua,
822 3799 895 3885 qua
927 3799 1032 3858 arcus
1062 3774 1276 3860 sectionum
1306 3777 1527 3859 tunicarum
1560 3775 1717 3859 aliarum
1757 3797 1963 3859 cumanum

687 3899 787 4004 inter
797 3895 851 3982 ''se
880 3924 1105 4011 comparare
1138 3901 1291 4007 docuit,
1321 3903 1360 3986 in
1385 3903 1458 3988 hac
1474 3902 1751 4014 inuelligatione
1768 3898 1960 3986 eximiam

687 4025 872 4142 praellitit
902 4025 1146 4131 utilitatem.
1191 4052 1236 4113 vt
1271 4027 1351 4115 lroc
1402 4030 1601 4140 negotium
1632 4032 1759 4114 multo
1804 4029 1963 4115 vberius

593 4188 599 4196 ·
683 4151 884 4256 confecisse
934 4155 1120 4242 videatur.
1185 4155 1376 4242 Plurimae
1419 4175 1546 4244 antem
1579 4159 1963 4268 transmarinum,

687 4282 821 4390 quibus
852 4284 1003 4370 Auctor
1033 4283 1073 4368 in
1106 4283 1178 4376 hac
1201 4283 1313 4370 ardua
1347 4286 1561 4372 euolutinue
1590 4285 1742 4395 utitur,
1773 4286 1814 4366 in
1846 4282 1963 4369 Ana·

685 4407 754 4518 lyfi
781 4405 1159 4521 haudspernendam
1189 4410 1394 4498 utilitatem
1428 4412 1571 4497 habere
1618 4409 1782 4522 possunt.
1846 4407 1961 4495 lote-

680 4537 762 4628 rim
794 4536 893 4626 laudi
923 4563 968 4626 ac
998 4539 1170 4655 dignitati
1208 4538 1428 4629 huiuamodi
1475 4536 1804 4650 iuuelligationum
1854 4534 1959 4624 ulltil
