4175 5642
660 543 750 634 322
891 513 918 599 Ι
972 507 1597 612 ῬΗΝΤΑΗῙΙΜ
1719 519 1724 528 “

658 781 709 842 ne
739 752 841 839 horti
874 748 988 859 Regii
1020 768 1063 832 ct
1093 737 1172 858 agri
1202 733 1407 861 GoettingL
1448 735 1582 868 1753.
1619 743 1661 830 in
1701 753 1744 831 8.
1797 748 1931 861 edito,

658 883 781 996 quoad
815 902 940 992 partes
968 879 1209 988 praecipuas,
1238 877 1377 961 florem
1396 867 1554 986 'nempe
1583 892 1624 955 et
1657 876 1820 992 feudum
1834 931 1847 980 ‚
1867 879 1931 962 de·

658 1013 798 1120 scripta
828 1005 909 1092 esi„
947 1002 1227 1093 ,Deficituetu
1256 1004 1357 1091 illius
1386 1001 1524 1088 exusta
1556 1003 1672 1086 icon:
1714 1030 1759 1090 ea
1793 1009 1934 1111 enim,

597 1203 606 1219 .
657 1134 774 1250 nciam
796 1133 1121 1220 dedicSluaueur
1154 1135 1193 1216 iu
1227 1131 1327 1215 illst.
1364 1128 1521 1216 lamaic.
1554 1128 1937 1242 Vol.'l.-pag.186.

659 1270 736 1353 tab.
768 1277 878 1350 118.
913 1261 984 1377 fig.·
1013 1286 1057 1378 3¹.
1092 1255 1253 1345 minime
1286 1257 1437 1345 tolerari
1475 1257 1636 1371 potest,
1687 1279 1726 1344 et
1772 1287 1796 1346 a
1848 1257 1934 1344 Cel.

661 1397 821 1502 limenio
854 1391 961 1480 Flos.
995 1386 1119 1498 Leyd.
1155 1389 1290 1476 Prodr.
1323 1413 1413 1499 pag.
1450 1403 1558 1496 384.
1592 1385 1678 1472 iure
1723 1387 1817 1474 mala
1867 1391 1940 1473 ad·
2052 1381 2053 1440 ἵ

659 1525 855 1635 pellatur,
882 1519 974 1604 hinc
1004 1520 1235 1622 meliorem,
1263 1538 1305 1601 et
1335 1518 1384 1601 ad
1413 1517 1540 1603 uiuam
1574 1515 1747 1624 plantam
1765 1514 1939 1620 sat'lam,

661 1651 845 1735 exhibeo
899 1647 1157 1756 Vegetationis
1188 1645 1385 1732 historiam
1422 1649 1551 1756 paucis
1568 1643 1789 1730 dilucidabo.
1830 1643 1941 1726 Plan·

662 1778 763 1862 culae
795 1799 849 1859 ex
881 1797 980 1860 terra
1014 1777 1278 1886 prouenientcs
1295 1803 1327 1880 ,¹
1375 1771 1649 1884 persistentibus
1708 1770 1939 1880 aliquamdiu

661 1905 990 2012 cotyledonlbus,
1016 1925 1109 2011 ex,
1123 1900 1312 1999 cauliculo
1334 1967 1348 2009 ,
1393 1903 1531 2010 tenui,
1576 1919 1702 2001 ‚terete
1722 1924 1760 2001 ,·
1788 1897 1941 2008 hispido

660 2017 844 2136 emittunt
872 2032 965 2114 solia
998 2030 1189 2139 pinnata,
1237 2027 1432 2135 solitaria,
1476 2026 1639 2116 alterna.
1713 2021 1757 2110 Si
1813 2026 1940 2136 planta

656 2160 767 2270 pedis
796 2159 1038 2244 altitudinem
1058 2158 1222 2267 attigit,
1255 2156 1293 2238 in
1323 2154 1502 2242 inbriore
1530 2157 1622 2240 loco
1647 2154 1705 2240 ad·
1730 2154 1847 2238 latera
1882 2153 1940 2236 so·

660 2287 803 2371 liurum
838 2283 985 2370 emittit
1016 2283 1466 2393 ramosprocumbentes
1487 2343 1500 2386 ,
1523 2285 1570 2383 ‚in
1604 2282 1787 2392 superiori
1820 2280 1936 2373 adin-

583 2468 590 2480 ·
650 2436 812 2526 gentes,
877 2414 1148 2521 Eapocrigitut
1181 2430 1266 2492 tum
1299 2411 1417 2494 caulis
1438 2411 1494 2494 ad
1525 2413 1641 2521 pedes
1671 2414 1770 2494 duos
1795 2431 1840 2494 ct
1881 2409 1938 2492 ul·

662 2562 718 2630 tra
742 2556 1082 2651 ,1nequetamen-
1103 2536 1271 2622 multum
1304 2537 1505 2620 uolumine
1534 2557 1725 2646 augetur:
1749 2535 1938 2624 vcraffities

661 2669 766 2754 enim
798 2668 878 2752 eius
907 2666 976 2768 uix
1005 2665 1056 2766 ad
1086 2665 1182 2762 duas
1230 2664 1349 2746 lineas
1397 2663 1601 2774 parisinus,
1646 2665 1714 2760 ubi
1764 2670 1936 2752 maxima

662 2797 744 2904 eil,
793 2794 952 2880 aceedit
1019 2793 1142 2879 Rami
1193 2813 1391 2892 numero,
1433 2817 1512 2902 quo
1560 2790 1675 2874 altior
1702 2787 1746 2876 lit
1774 2794 1937 2904 planta,

662 2944 842 3033 augentur
873 2922 953 3022 ita,
984 2940 1028 3005 ut
1063 2917 1194 3004 habitu
1228 2938 1396 3002 externo
1425 2917 1639 3003 fntticulum
1658 2917 1792 3030 quali,
1826 2924 1941 3006 ramis

660 3053 827 3159 undique
860 3047 1055 3154 obsitum,
1084 3042 1370 3154 repraesentent.
1439 3047 1554 3132 Nunc
1582 3047 1633 3130 'ad
1666 3043 1820 3157 lingulas
1852 3075 1939 3158 par·

664 3197 722 3261 tes
751 3173 899 3259 seorsim
932 3175 1213 3276 describendas,
1247 3166 1568 3282 progrediendum
1603 3173 1668 3258 eil.
1728 3177 1858 3264 Radix
1884 3175 1942 3258 est

657 3303 807 3409 unica,
838 3300 1010 3414 fibrob,
1036 3297 1196 3384 ·f1brillis
1230 3297 1320 3382 albis
1356 3297 1523 3386 'donata
1602 3297 1733 3386 Cauiis
1780 3301 1940 3410 adsurgit

661 3433 824 3536 unicus,
856 3429 1009 3519 tesius,
1039 3429 1254 3532 rul'elcem,
1288 3445 1391 3512 totus
1432 3427 1628 3542 hispidus,
1678 3427 1762 3540 pilis
1793 3427 1942 3512 inferius

615 3657 620 3666 .
663 3561 781 3646 rutilis
809 3557 1071 3668 paucioribus,
1107 3555 1274 3662 superius
1302 3547 1484 3641 viridibus
1513 3579 1554 3641 et
1571 3557 1854 3666 copiofior'tbus‚
1875 3582 1941 3640 ue·

662 3687 794 3791 ilitus,
826 3709 959 3794 pamm
993 3683 1185 3792 lignosus,
1219 3703 1345 3788 teres,
1376 3687 1553 3768 emittens
1601 3686 1724 3793 plures
1773 3687 1940 3796 undique
2054 3705 2055 3714 ¹

495 3832 499 3836 “
664 3837 823 3919 ramos,
858 3811 1066 3918 superiores
1116 3807 1377 3916 adsurgentes,
1429 3799 1624 3894 inferiores
1670 3832 1767 3894 uero
1818 3832 1940 3896 terrae

663 3931 958 4026 horizontaliter
986 3935 1262 4020 incumbentes.
1325 3935 1430 4019 Folia
1455 3941 1631 4048 pinnata,
1665 3938 1810 4022 foliolis
1829 3939 1937 4022 alter-

666 4072 724 4152 uis
755 4067 865 4150 dense
898 4063 1053 4172 positis,
1081 4083 1121 4144 ct
1151 4083 1200 4144 ex
1235 4079 1341 4169 parte
1374 4063 1440 4148 sibi
1476 4067 1576 4175 quast
1606 4065 1937 4173 incumbentibus,

663 4193 910 4290 lanceolatis,
940 4189 1191 4294 acuminatis,
1221 4190 1261 4270 in
1291 4193 1537 4278 extremitate
1575 4194 1737 4287 ciliatis,
1782 4191 1938 4304 superfi-

664 4324 724 4404 cie
751 4343 873 4430 prona
905 4317 1003 4401 lacte
1034 4317 1241 4406 viridibus.
1272 4313 1398 4425 supina
1430 4319 1588 4430 glaucis,
1621 4345 1642 4399 a
1651 4347 1673 4420 5
1697 4367 1721 4381 -
1744 4323 1803 4423 '30
1838 4323 1939 4432 pari·

651 4448 744 4574 bus,
774 4447 834 4529 seu
866 4445 1001 4557 pinnis.
1055 4439 1191 4530 Callae
1220 4443 1428 4530 adhaerent
1458 4449 1587 4532 foliola
1620 4447 1841 4534 breuislimo
1869 4473 1936 4559 pe·
2053 4471 2054 4530 l

782 4630 786 4634 ‡
1840 4576 1935 4662 tiolo
