4175 5642
354 517 1208 623 percurrerours..
1316 554 1409 639 ³17
1583 465 1588 472 ’

142 769 181 841 et
210 754 317 843 uenia
347 753 498 868 aliquot
524 753 737 864 inihusia,
783 769 827 840 et
874 754 981 842 breui
1024 759 1174 871 petiolo
1208 761 1304 850 cauli
1353 766 1409 854 al·

141 891 320 972 ternatim
351 885 601 970 adhaerentia.
663 882 755 999 (Pet
784 885 1059 997 negligentiam
1091 887 1408 1000 pistorissastum
1544 909 1546 914 ’

139 1015 215 1097 effe
267 1037 440 1119 moneo,
485 1013 594 1123 quod,
639 1013 682 1097 in
723 1011 920 1124 superficie
949 1014 1032 1099 solii
1061 1016 1240 1127 superiori
1267 1021 1408 1107 multae

140 1164 267 1228 uenae
319 1161 593 1245 excurrentes,
645 1167 743 1252 quae
794 1164 926 1228 nmen
975 1143 1140 1250 absunt,
1201 1145 1409 1234 delineatae

137 1265 420 1383 exhibeantur).
515 1265 713 1380 Singuhre
760 1270 847 1382 qnid
896 1268 1094 1356 obseruaui
1125 1274 1165 1360 in
1195 1273 1410 1362 incremen-

139 1413 180 1482 to
228 1396 451 1502 soliorum,
494 1421 639 1510 nempe
684 1418 930 1508 augmentum
978 1400 1120 1484 horum
1172 1402 1308 1487 durare
1339 1428 1411 1514 per

137 1548 299 1612 mnnem
328 1524 529 1633 aestatem,
560 1544 602 1610 et
628 1525 745 1632 solia,
781 1522 876 1638 quta
907 1527 1037 1640 primo
1067 1551 1159 1613 uere
1175 1529 1413 1642 conspiciun·

136 1671 229 1760 tur,
261 1653 650 1762 lineari-lanceolata,
683 1654 952 1766 pubescentia,
983 1657 1131 1766 rigida,
1162 1658 1282 1741 etiam
1317 1683 1409 1746 con-

134 1780 268 1865 sertim
299 1781 452 1892 polita,
483 1781 513 1867 sr
544 1780 669 1868 caules
699 1780 891 1894 perfestos
919 1784 1130 1870 consideras
1159 1784 1300 1870 aestate
1343 1810 1413 1872 ca-

135 1909 282 2014 dente,
329 1933 428 1994 nunc
453 1908 581 2020 ‘triplo
610 1909 757 1994 maiora
785 1910 891 2015 esse,
935 1911 1149 2018 viridiora,
1183 1912 1336 1998 flaccida
1366 1933 1410 1997 et

135 2061 247 2144 rara,
296 2035 538 2124 dimensione
584 2043 704 2123 etiam
752 2035 810 2124 sua
838 2038 1096 2150 utplurimum
1128 2043 1410 2128 conuenientia.

135 2161 406 2277 iutegritatem
432 2165 561 2252 caudes
589 2184 629 2263 et
660 2165 750 2251 salia
779 2170 1000 2252 conseruent
1029 2169 1079 2252 ad
1108 2167 1279 2277 primum
1312 2171 1410 2279 geli·

136 2293 279 2382 cidiom
311 2318 467 2407 usque,
514 2318 623 2405 quo,
671 2291 927 2380 stlaodnntnr
972 2297 1186 2406 tantisper,
1231 2301 1409 2406 protinus

135 2440 415 2534 corrogantur,
442 2423 682 2533 nigrescunt.
709 2446 791 2504 nou
820 2441 951 2505 tamen
970 2424 1190 2523 decidunt,
1239 2425 1299 2506 sed
1330 2447 1408 2508 una

132 2573 224 2634 cum
258 2550 426 2636 caulibus
459 2566 631 2657 pereunt.
704 2548 821 2636 Rami
849 2546 978 2654 plures
1007 2547 1050 2628 in
1083 2545 1263 2655 superiori
1293 2541 1409 2634 caulis

130 2696 245 2786 parte
273 2679 322 2760 ad
369 2675 448 2758 alas
493 2673 674 2756 soliorum
723 2672 926 2775 oriuntur,
979 2673 1142 2778 alterni,
1190 2673 1407 2785 palmares,

128 2805 270 2912 quibos
308 2801 399 2886 dein
433 2799 662 2886 succrescunt
691 2799 759 2884 alii
788 2799 831 2882 in
863 2800 996 2886 medio
1026 2823 1066 2886 et
1099 2797 1266 2896 inferiori
1296 2803 1405 2913 loco,

130 2931 304 3015 minores
334 2947 378 3011 et
408 2928 609 3012 tenuiores.
693 2925 742 3010 ln
772 2925 991 3011 summitate
1017 2928 1168 3040 plantae
1201 2947 1243 3012 et
1274 2953 1405 3016 ramo·

133 3082 219 3140 rum
251 3056 526 3165 superiorum,
559 3052 773 3164 pedunculo
800 3054 1000 3139 communi
1032 3053 1216 3164 elongato
1245 3075 1288 3142 et
1318 3056 1405 3158 sub·

132 3181 252 3268 diuiso
283 3185 324 3266 in
354 3181 498 3280 aliquot
528 3205 678 3288 ramos,
707 3181 901 3292 pedicellis
930 3179 1153 3268 breuissimis
1180 3181 1298 3268 flores
1329 3203 1406 3270 tres

130 3331 343 3420 quatuorue
373 3308 542 3395 insiliunt
572 3306 656 3414 ita,
702 3329 748 3395 ut
788 3309 1023 3415 corymbum
1076 3309 1173 3417 quafi
1221 3311 1402 3398 formem.

132 3435 263 3546 Calyx
293 3438 349 3522 est
379 3435 689 3547 monophyllus,
718 3435 1003 3546 qtrinquifidus,
1039 3432 1182 3518 laciniis
1215 3435 1404 3551 lanceola-

131 3569 206 3673 tis,
235 3564 413 3678 hispidis,
442 3563 750 3667 conniuentibus,
781 3562 984 3648 dimidiam
1018 3561 1096 3645 tubi
1114 3580 1266 3671 partem
1300 3564 1402 3653 haud

131 3695 416 3802 attingentibus.
482 3688 637 3778 Corolla
666 3690 721 3774 est
740 3691 1013 3798 monopetala,
1046 3689 1244 3800 regularis,
1273 3689 1401 3784 infirn-

131 3821 414 3927 dibuliiorm'u,
445 3819 540 3904 tubo
569 3817 784 3936 cylindrico
811 3819 852 3900 in
882 3816 1001 3902 sirndo
1027 3813 1211 3925 globosa,
1262 3816 1418 3910 timum

131 3949 408 4060 quinquifido,
455 3946 656 4057 segmentis
682 3947 733 4031 ad
769 3944 1018 4028 horizontem
1069 3942 1253 4051 ditesiis,
1302 3945 1402 4032 sulco

129 4075 396 4189 longitudinali
426 4078 643 4192 excauatis,
673 4074 714 4159 in
744 4073 896 4158 ambitu
923 4070 1107 4179 sinuatis,
1136 4071 1301 4182 apicihru
1330 4098 1432 4160 ers

132 4208 270 4292 tremis
310 4199 486 4292 deorsum
533 4201 660 4287 flexis.
753 4196 878 4285 Color
924 4199 1093 4286 corollae
1128 4201 1177 4286 in¹
1203 4199 1329 4286 limbo
1356 4203 1400 4290 in

132 4355 294 4445 utraque
323 4328 518 4442 superficie
551 4331 703 4440 penitus
733 4328 787 4412 est
825 4326 957 4433 albos,
1006 4329 1047 4411 in
1099 4327 1192 4414 tubo
1239 4329 1400 4418 interius
1572 4355 1580 4362 ·

133 4461 284 4562 danus,
325 4460 490 4547 exterirrs
518 4458 682 4569 viridis,
719 4474 761 4541 et
791 4454 834 4541 in
867 4456 1014 4565 titudo,
1047 4454 1113 4540 tbi
1141 4455 1273 4567 calyce
1302 4466 1400 4570 tegi·
1439 4511 1442 4516 -

730 4583 808 4673 Rc
839 4607 881 4688 a
1309 4602 1402 4698 tur,
