4175 5642
438 535 543 628 IN
605 525 1046 626 Ml'tots.
1300 567 1385 652 341

122 769 282 855 nimenta
313 764 526 878 reperimur
552 782 668 875 atqne
698 763 965 872 repetierimus
1006 767 1187 876 plurima.
1266 769 1394 856 'lexi-

120 919 209 981 mna
235 896 336 980 ritca
365 919 479 1001 cera,
508 890 570 974 'e't
597 888 683 974 aliie
710 892 903 1001 operariis
930 917 986 977 ex
1018 896 1122 978 vitro
1170 915 1211 979 et
1256 897 1396 1010 ligno,
1532 889 1537 904 '

118 1047 242 1135 porro
271 1023 373 1104 varia
404 1020 520 1121 olea,
550 1016 654 1124 lini,
682 1021 966 1126 cannabinum,
997 1023 1219 1128 olintum,
1247 1049 1392 1110 nncurn

115 1171 158 1234 et
200 1145 404 1234 ellenrialia
449 1169 573 1256 aquae
615 1145 926 1253 superinnrmnr,
970 1146 1013 1232 in
1057 1153 1243 1235 omnibus
1290 1150 1391 1236 hiice

111 1275 391 1386 experimentis
436 1271 505 1358 sub
550 1273 695 1358 eodem
745 1277 864 1381 gradu
894 1273 1033 1361 stilicen.
1066 1303 1084 1356 r
1095 1300 1153 1378 50.
1186 1277 1321 1387 glacies
1352 1281 1395 1363 in

112 1430 210 1516 aqna
240 1401 334 1486 oriri
362 1402 509 1511 coepit.
605 1395 656 1482 ln
691 1400 859 1507 quolibet
911 1405 1021 1493 nitro
1065 1403 1393 1491 thermomerrnm

114 1559 135 1617 a
171 1555 243 1614 me
273 1529 493 1614 immersum
524 1547 619 1613 erat.
681 1528 796 1638 Aqua
828 1530 931 1614 circe
961 1531 1120 1617 bulhon
1153 1532 1395 1656 thermome·

110 1661 160 1746 tri
188 1656 391 1767 congelata
418 1657 602 1741 retinebat
628 1655 681 1739 ab
706 1652 819 1739 initio
865 1646 1040 1742 ¹eundem
1091 1664 1255 1768 gradum
1302 1653 1400 1748 nire

110 1788 343 1894 regelaecere
369 1783 614 1894 incipientis,
646 1780 707 1864 sed
738 1799 823 1866 tota
854 1808 953 1895 aqna
980 1788 1024 1869 in
1050 1788 1155 1872 nitro
1188 1785 1393 1898 congelata

111 1913 336 1999 adsumebat
368 1911 565 2020 parallatim
595 1909 758 2024 gradum
808 1911 959 2022 frigoris
1002 1913 1104 1998 aeria
1144 1916 1397 2025 ambientis,

117 2067 208 2148 170
241 2060 286 2126 et
319 2052 405 2130 180
435 2056 512 2125 etc.

268 2235 438 2328 Ratione
484 2233 702 2343 temporie,
744 2257 826 2344 qno
870 2232 915 2317 in
963 2233 1119 2322 dirterfie
1160 2237 1271 2322 vitris·
1296 2257 1395 2346 aqna

109 2363 303 2476 gelescere
344 2361 506 2475 coepit,
553 2363 722 2447 omnino
765 2358 980 2446 differentia
1028 2363 1130 2448 milri
1159 2366 1216 2449 est
1247 2379 1392 2446 notan.

110 2493 228 2580 Nam
261 2493 434 2605 primom
463 2513 560 2597 aqna
588 2492 634 2570 in
661 2492 775 2570 nitro
804 2505 946 2594 aperto
991 2489 1051 2570 est
1097 2489 1253 2596 geere,
1296 2509 1392 2570 cnm

107 2622 294 2707 nondum
324 2615 522 2724 relligioni
555 2611 707 2720 glaciei,
735 2633 863 2719 neque
892 2610 935 2690 in
965 2613 1078 2696 vitris
1104 2614 1241 2717 tectis,
1268 2636 1393 2723 neque

100 2752 152 2834 in
191 2749 272 2852 iis,
300 2742 344 2827 in
369 2740 501 2850 quihrrs
529 2737 664 2820 onum
695 2739 1060 2846 monetmonet,
1090 2739 1389 2853 deprehendere·

102 2894 198 2975 tur,
230 2871 344 2956 etin
375 2866 436 2950 his
464 2886 621 2975 quoqne
651 2863 875 2973 congelatio
900 2864 1050 2950 diuerso
1076 2886 1260 2980 tempore
1292 2894 1391 2953 con·

104 3002 231 3110 tigit,
288 2995 380 3077 licet
410 2991 540 3076 omnis
563 3013 693 3100 aqua,
743 3014 865 3097 quom
893 2994 972 3074 aeri
1001 2994 1143 3105 frigido
1170 3019 1389 3106 exponere·

108 3146 210 3231 tur,
257 3119 429 3210 eiusdem
454 3115 569 3200 inerit
606 3116 850 3226 temperiei,
885 3119 992 3226 quod
1037 3122 1156 3205 etiam
1184 3125 1250 3207 ,de
1295 3121 1393 3207 oleis

106 3251 304 3364 npernfis
334 3245 393 3331 est
420 3244 725 3353 intelligendum.
823 3242 924 3330 Non
951 3248 1068 3355 igitur
1104 3247 1208 3334 valet
1255 3247 1389 3335 conse·

108 3381 306 3492 quentia,
357 3375 438 3458 hoe
481 3370 546 3457 rel
590 3369 686 3456 illud
734 3371 898 3459 fluidrrm
946 3375 1091 3459 minori
1129 3394 1307 3486 tempore
1336 3375 1389 3462 ad

108 3506 460 3617 congelationem,
485 3523 602 3610 qtnnr
633 3497 766 3600 aliud,
811 3498 989 3609 indiget.
1029 3525 1127 3611 ergo
1152 3503 1218 3586 sub
1245 3502 1390 3588 minori
1468 3587 1471 3592 Α

107 3643 238 3746 ganno
263 3652 414 3741 quoqne
439 3626 621 3736 gelaicit,
667 3651 791 3736 qnurn
819 3625 1064 3711 conditiones
1088 3623 1169 3712 else
1213 3651 1391 3738 queant,

106 3784 196 3848 tam
229 3759 402 3876 respecto
432 3751 563 3862 rafir,
607 3776 724 3862 nram
755 3774 907 3838 naturae
938 3753 1044 3840 fluidi
1074 3756 1263 3864 aliaeque,
1292 3777 1389 3865 qnae

109 3891 319 4002 efficient,
364 3903 412 3967 vt
462 3879 625 3966 liuidum
670 3881 810 3984 (rnre,
840 3878 1000 3988 tarditas,
1033 3885 1262 3993 temperiem
1293 3882 1392 3967 aeria

110 4017 319 4124 adfirmat3
351 4012 444 4095 hinc
475 4029 628 4119 quoqne
660 4005 701 4090 in
732 4004 914 4092 nnmibns
940 4011 1221 4119 experimentis
1250 4009 1390 4096 nostrie

108 4149 159 4230 ari
196 4165 354 4253 ternpus
381 4159 459 4222 non
489 4133 734 4240 attendimus,
764 4137 865 4218 intra
894 4138 997 4244 quod
1025 4139 1066 4222 in
1096 4136 1269 4248 quolibet
1296 4136 1388 4222 flni·

110 4273 168 4356 rlo
201 4267 422 4380 congelatio
445 4261 633 4373 contigit,
661 4257 723 4344 std
753 4279 902 4346 tantum
936 4265 984 4349 ed
1016 4269 1176 4382 gradum
1205 4265 1387 4352 thermo-

110 4401 240 4488 metri
267 4389 455 4482 immersi.

685 4573 830 4689 Vre
1197 4581 1386 4673 ruamur
