4175 5642
350 572 655 681 nnaouaaa
694 507 1127 685 uaomuaauu.
1339 588 1422 689 aaa
1489 524 1495 531 ’

131 771 143 864 'l
200 872 202 879 ι
310 803 528 926 Ειρυίιηιῑ
547 800 857 921 Qtefiilentiam
889 798 1158 911 superandam,
1188 822 1285 912 quae
1316 802 1429 889 simul
1487 822 1491 830 ·

143 906 377 1017 [amionem
409 936 485 1035 rit-o
513 932 748 1013 aestimatam
785 930 901 1010 etad
936 927 1065 1011 locum
1098 928 1317 1017 tefisseotiae
1369 956 1429 1013 re·

154 1059 316 1143 numm
343 1030 674 1170 compleilatut:
667 1055 820 1143 deinde
853 1054 897 1139 su
930 1055 959 1139 P
991 1058 1052 1139 vis
1080 1056 1306 1164 impellens,
1336 1082 1429 1200 quae

164 1186 306 1291 augulis
337 1179 491 1267 minutis
519 1184 684 1267 secundis
711 1181 872 1291 spatium
912 1198 944 1295 p
996 1180 1194 1291 absolua13
1244 1186 1426 1293 quoniam
1542 1210 1554 1227 ·

184 1312 260 1391 nim
296 1310 395 1391 vitea
413 1322 439 1414 ,⁸
479 1312 612 1419 quibus
642 1306 842 1392 machinae
872 1310 1006 1415 agitati
1035 1308 1191 1397 lolem,
1242 1312 1294 1393 ita
1342 1314 1426 1395 sunt

153 1454 436 1546 „ompuratae,
470 1452 513 1519 ut
542 1434 665 1521 aneia⁴
685 1434 849 1519 allionis
876 1436 1067 1519 celeritate
1099 1436 1346 1543 miuuantur,
1377 1437 1427 1521 de

143 1584 293 1645 earum
317 1556 530 1672 quantitate
576 1551 748 1647 ablolut‘e
780 1558 880 1645 nibal
910 1566 1006 1645 certi
1035 1548 1286 1670 ¹pronunciare
1317 1564 1427 1669 licet,

143 1690 226 1772 nist
254 1688 453 1796 celeritas,
480 1713 557 1799 qua
584 1708 730 1799 agant,
768 1685 876 1773 limul
908 1689 1122 1777 definiatur·
1183 1690 1253 1775 His
1284 1692 1424 1801 pofitis,

143 1836 207 1897 tx
236 1817 446 1924 vulgaribus
477 1815 726 1903 Mochanicae
758 1814 962 1903 elementia
1011 1817 1189 1919 constat,
1236 1820 1446 1925 quemad·-

149 1940 323 2031 modum
355 1960 481 2052 panea
513 1943 712 2027 machinae
743 1942 871 2026 instrui
901 1966 944 2025 tc
974 1942 1124 2052 disponi
1151 1942 1347 2049 debeam,
1380 1962 1425 2028 tt

148 2068 274 2154 vial’
303 2070 546 2169 refistentiam
585 2072 637 2185 Q
684 2068 726 2151 in
774 2069 991 2180 aequilibrio
1040 2068 1238 2153 continete
1287 2072 1445 2156 talem

149 2193 412 2283 Efficiendum
428 2196 564 2309 scilipet
596 2196 671 2285 est.
703 2212 747 2279 vt
776 2196 869 2280 dum
900 2197 1078 2283 machina
1111 2195 1299 2279 tantillum
1334 2211 1447 2281 mci-f

150 2342 296 2427 vetut,
324 2323 440 2445 spatia
470 2346 554 2413 tam
585 2350 612 2439 ².
641 2323 685 2409 ui
715 2322 943 2438 impellente
973 2324 1018 2433 P,
1033 2349 1153 2437 quam
1169 2324 1427 2415 attinentia
1535 2342 1543 2353 “

146 2451 208 2567 Q
228 2451 397 2563 percursa
430 2454 517 2563 iplis
548 2453 696 2559 uiribus.
741 2454 816 2538 fiot
864 2452 1059 2565 reciproce
1108 2454 1449 2561 proportionalem:

149 2578 338 2665 Machina
366 2581 482 2690 igitur
514 2581 569 2659 ita
600 2578 799 2686 instrum,
823 2598 949 2661 motus
978 2578 1193 2689 quicunque
1224 2574 1424 2660 uniformis

150 2707 349 2790 maiorem
381 2705 471 2783 uim
504 2694 779 2809 impellentem
797 2725 911 2811 quam
939 2701 969 2783 P
998 2722 1078 2783 non
1129 2698 1326 2810 requiret3
1385 2720 1425 2812 et

147 2833 242 2940 quia
272 2830 332 2909 uis
362 2827 596 2937 impellentis
627 2827 812 2937 quantitas
843 2842 994 2913 eatenus
1023 2824 1078 2909 est
1108 2826 1203 2909 :P
1208 2843 1427 2933 ,quatenus

145 2980 199 3037 ea
234 2950 471 3063 praescripta
520 2952 711 3035 celeritate
741 2955 851 3059 agit,
903 2952 979 3036 hoc
1013 2954 1068 3041 ell
1096 2953 1242 3060 singolis
1269 2954 1426 3037 minutia

147 3080 323 3164 secundis
351 3079 518 3189 spatium
553 3094 657 3191 :p
674 3078 863 3179 conficit,
895 3080 1021 3163 etiam
1044 3079 1091 3170 in
1124 3096 1239 3179 motu
1270 3078 1424 3163 machi

148 3232 227 3291 nae
254 3205 440 3289 uniformi
484 3202 582 3288 haec
632 3204 798 3288 celeritas
846 3205 885 3287 ui
934 3204 1147 3315 impellenti
1202 3208 1421 3293 conueniet.

150 3334 264 3422 Cum
297 3335 409 3443 igitur
443 3348 687 3414 momentum
721 3327 898 3439 unpulfue
929 3332 980 3415 stt
1002 3336 1156 3444 :Pp,
1184 3333 1312 3418 eidem
1332 3358 1424 3417 mo·

152 3476 334 3545 mentum
365 3450 522 3541 effecius
550 3459 624 3542 erit
655 3458 844 3569 aequale,
897 3442 1005 3540 itali
1055 3482 1081 3568 q
1130 3458 1314 3550 denotet
1337 3460 1423 3565 spa·

150 3589 286 3689 tium,
335 3609 402 3695 pet
448 3586 552 3697 quod
583 3582 782 3668 refilleotia
812 3584 863 3697 Q
889 3580 1034 3691 singulis
1064 3581 1224 3671 minutis
1253 3580 1420 3669 secundis

153 3750 442 3843 promouetur,
498 3731 582 3839 qnia
614 3728 667 3811 eil
697 3727 941 3841 quPp,
977 3728 1051 3811 erit
1083 3700 1263 3844 «χε-ἕ,
1296 3728 1420 3840 sicque
1574 3820 1586 3830 ,

153 3885 268 3945 ueros
299 3856 497 3947 machinae
526 3854 682 3941 offellus
699 3854 907 3939 innotescit
917 3852 1138 3964 ,siquidem
1173 3877 1300 3964 motus
1333 3861 1421 3942 vni·

149 3986 290 4071 formis
319 3984 361 4067 lit
386 4000 577 4091 capax..
619 3984 812 4097 Quoniam
849 4004 944 4065 veto
978 3980 1022 4064 io
1066 3980 1265 4065 resistentia
1318 3982 1418 4095 supe·

150 4114 274 4196 amada
307 4112 357 4227 Q
382 4110 603 4197 fridilonem
630 4107 752 4197 sumus
781 4108 1010 4219 complexi,
1040 4110 1192 4192 euidens
1220 4107 1308 4216 eil,
1343 4134 1421 4219 quo
1567 4154 1572 4163 ·

155 4245 282 4324 maior
333 4237 439 4356 suerit
470 4235 626 4344 stillio,
672 4262 725 4321 eo
757 4239 950 4321 minorem
979 4237 1053 4321 elie
1083 4236 1250 4321 fututum
1284 4260 1419 4323 verum

154 4364 356 4451 machinae
405 4362 600 4447 effectum.
680 4366 782 4453 Hinc
824 4360 1008 4452 stiriiiio
1040 4363 1269 4470 aequiualeat
1300 4372 1343 4448 ui
1377 4361 1420 4448 G

154 4492 202 4584 ic
228 4493 320 4579 loco
344 4492 565 4584 tefissentiae
613 4495 850 4609 applicatae,
896 4507 1007 4601 atquo
1053 4490 1133 4575 iam
1177 4489 1422 4607 Qdcnotet

781 4616 869 4703 Hh
904 4640 931 4700 2
1221 4645 1225 4658 ’
1299 4618 1423 4728 ipsam
