4175 5642
357 481 819 587 ohservationes
870 484 1205 589 Mercurios.
1323 518 1414 610 275

187 735 195 746 '
245 709 251 722 ’
299 723 430 834 Aliqui
462 723 679 833 Philosophi
710 707 819 807 omni
843 723 1015 808 indulltia
1048 722 1282 808 altitudinem
1308 725 1425 814 bato·

162 850 281 934 metri
311 852 568 955 obseruaturi,
600 871 653 931 ex
683 850 791 957 liguo
818 851 925 951 leul,
958 873 1092 959 putum
1127 853 1255 952 lato,
1288 851 1425 939 scalam
1490 847 1495 859 ’

158 973 457 1075 fabrefecerunt,
500 977 604 1059 cuius
634 977 801 1060 inferiori
830 993 1010 1061 extremo
1040 976 1242 1060 affixerunt
1289 981 1426 1062 nehem

110 1175 114 1182 .
159 1105 318 1214 planum
351 1125 416 1185 ex'
435 1101 591 1208 subere,
619 1101 770 1208 leuem,
800 1102 975 1188 diametri
1010 1121 1034 1181 2
1069 1102 1134 1184 uel
1166 1131 1190 1207 3
1226 1107 1425 1212 pollicum,

156 1229 307 1335 Lignea
324 1229 419 1311 haec
450 1228 539 1312 scala
571 1233 640 1312 uix
672 1229 870 1316 descendit
890 1233 929 1312 in
962 1234 1224 1334 mercurium,
1252 1235 1305 1312 ob
1335 1232 1429 1314 leui·

158 1373 282 1440 tatem
313 1358 349 1438 ei
383 1357 570 1466 innatans,
604 1376 771 1460 attamen
797 1355 1041 1440 adscendente
1059 1356 1313 1441 mercutio'in
1333 1357 1431 1461 mse,

158 1479 355 1568 adscendit
371 1471 474 1566 'scala
498 1540 511 1584 ,
536 1483 797 1594 descenditque
814 1482 1060 1567 descendente
1076 1483 1283 1565 mercurio..
1339 1483 1431 1564 Hoc

158 1608 296 1720 pasio-
311 1630 401 1690 uera
431 1610 590 1694 altitudo
621 1610 799 1695 mercurii
817 1611 855 1692 in
873 1611 966 1693 tubo
984 1609 1106 1691 uideri
1124 1608 1247 1718 potest
1262 1667 1275 1718 ,
1304 1608 1433 1716 ellque

160 1735 260 1819 haec
291 1733 371 1819 satis
403 1737 581 1820 laudanda
615 1737 849 1838 methodus,
878 1735 1029 1846 quaudo
1053 1734 1208 1817 ‘iuferius
1235 1758 1304 1818 ras
1341 1757 1435 1818 cum
1579 1815 1583 1831 ,

159 1850 358 1946 mercurio
388 1863 444 1945 est
475 1863 672 1972 angullius.
744 1861 852 1948 Scala
884 1881 1016 1946 natans
1044 1860 1235 1970 appellata
1266 1857 1348 1944 trie

311 1987 394 2072 Alii
423 1989 646 2073 diuifionem
687 1986 838 2076 Nonnii
887 1986 1181 2100 applicuerunt,
1228 1987 1436 2070 dlnidentea
1566 2043 1570 2050 -

158 2112 345 2224 pollicem
377 2116 415 2197 iu
453 2139 506 2195 10
541 2133 667 2226 partes
712 2115 913 2224 aequales,
961 2134 1002 2196 et
1050 2113 1278 2222 applicantes
1326 2113 1447 2222 supra>

90 2275 94 2282 ¹
159 2239 263 2322 hanc
296 2241 477 2325 laminam
512 2241 704 2327 mobilem
738 2263 819 2348 ope
849 2237 1066 2340 cochleae,
1109 2234 1265 2320 diuihm
1298 2237 1348 2341 in¹
1377 2258 1436 2316 tr

158 2385 289 2475 partes
316 2369 517 2478 aequales,
564 2393 642 2478 quo
687 2367 814 2476 pstio’
834 2365 1079 2446 conuersrone
1108 2362 1291 2440 cochleae
1320 2359 1436 2441 attol·
1584 2458 1588 2465 ἢ

157 2491 284 2576 lentes
313 2495 379 2576 uel
405 2495 664 2601 deprimentes
693 2489 905 2575 laminam,
955 2493 995 2566 et
1045 2485 1276 2564 anendentes
1319 2507 1439 2592 quae·

155 2634 253 2702 uam
288 2620 411 2700 lineae
443 2614 714 2698 conuenientes
744 2633 864 2696 uuam
912 2606 1106 2716 efficiant,
1144 2607 1293 2722 pollicis
1342 2631 1437 2724 cmg
1480 2611 1485 2620 ’
1571 2630 1573 2639 ·

153 2740 314 2828 telimas
345 2761 469 2850 partes
480 2741 736 2850 distinguunt.
856 2797 875 2836 „
1353 2724 1356 2732 ’

318 2867 518 2978 Oportet,
572 2886 616 2950 ut
665 2865 882 2950 obseruator
927 2864 1096 2952 attendat
1126 2867 1174 2950 ad
1204 2866 1435 2956 mercurium

73 3019 79 3032 ·
155 2993 370 3102 intubo,
420 2995 485 3101 qui
519 2995 638 3100 tangit
665 2993 899 3103 superficiem
950 2994 1038 3077 uitri
1057 3005 1080 3099 ',·
1117 2993 1196 3077 srue
1247 2993 1315 3077 rbi
1365 3013 1437 3076 ota

158 3123 342 3231 suprema
392 3119 553 3202 sttadius
599 3117 681 3200 eli:
744 3118 840 3202 haec
889 3121 991 3201 enim
1047 3118 1123 3202 solt
1171 3142 1246 3229 pro
1289 3115 1436 3201 ultimo

122 3249 290 3334 -lirmte
347 3244 558 3338 altitudinis
613 3242 747 3329 heberi
806 3243 969 3352 potell,
1034 3245 1175 3353 reliqua
1222 3241 1437 3355 superficies

161 3372 349 3460 mercurii
380 3375 420 3454 in
451 3372 547 3456 tubo
595 3371 666 3452 rite
720 3370 890 3478 dillingui
937 3369 1082 3477 nequit.
1178 3368 1264 3451 lloc
1314 3369 1441 3451 incer.

160 3519 251 3586 tam
280 3495 370 3582 facit
402 3517 565 3582 omnem
600 3493 929 3582 oberuntlonem:
973 3518 1063 3577 nam
1093 3495 1244 3594 quando
1286 3517 1442 3578 mercu-

162 3627 248 3711 tius
279 3628 316 3708 iu
350 3627 444 3708 tubo
474 3623 608 3734 incipit
638 3623 858 3706 descendere
890 3673 903 3723 ‚
934 3621 1148 3730 superficies
1178 3621 1344 3730 superior
1375 3644 1440 3706 ro·
1497 3712 1501 3721 ,

164 3753 394 3836 tunditatem
426 3753 604 3856 emittit,
633 3735 786 3858 planior
813 3747 890 3856 fir,
928 3749 1101 3831 immoto
1129 3745 1252 3832 adhuc
1282 3746 1438 3851 annul0,

160 3882 233 3990 qui
269 3879 411 3959 ultrum
444 3879 630 3986 attingit;
702 3877 870 3985 adeoque
901 3876 983 3960 axis
1011 3875 1215 3958 columnae
1263 3869 1442 3968 memorii
1608 3868 1622 3939 f

163 4007 345 4117 primum
378 3999 608 4102 descendit,
655 4025 754 4084 mox
788 4019 941 4111 partes,
971 4025 1067 4112 quae
1099 4003 1272 4085 ambiunt
1318 4003 1444 4110 axin,

165 4151 259 4217 tum
294 4151 388 4240 quae
421 4127 613 4214 succelirue
644 4127 779 4212 maiori
809 4126 1011 4210 interuallo
1060 4129 1110 4212 ab
1158 4151 1233 4212 axe
1283 4125 1449 4231 absunt,
1557 4204 1562 4214 ,
1620 4172 1623 4179 ·

167 4258 278 4358 ium,
311 4255 502 4360 superficie
531 4256 702 4364 supreme
734 4256 811 4338 sere
841 4258 983 4364 plana,
1012 4256 1201 4338 descendit
1221 4254 1447 4364 mercurius,

171 4386 242 4502 qui
272 4365 508 4501 superficiem
542 4383 634 4472 citri
661 4383 883 4498 attingebat.
948 4381 1113 4500 Qtudo
1144 4380 1445 4592 mercuriffipuss
