4175 5642
667 488 760 633 ω
948 503 1360 605 ornantur
1405 505 1661 610 ernon

664 743 872 834 directione
903 765 986 830 acus
1016 739 1256 850 magontinae
1275 789 1311 848 ,-
1338 743 1400 828 cui
1430 741 1498 830 fidi
1536 769 1731 856 nunquam
1776 748 1904 861 potest
1920 797 1950 864 ‚·

662 877 749 989 quit
780 874 833 958 eli
863 877 970 956 ornni
984 920 987 928 Δ
1003 893 1211 956 momento
1242 874 1434 984 temporis
1462 875 1674 984 irrequieta.

814 1065 902 1153 Hoc
935 1065 1056 1149 modo
1085 1057 1202 1151 nodio
1232 1083 1273 1147 et
1307 1049 1469 1150 interdiu
1501 1070 1707 1150 ventorum
1739 1047 1846 1179 plaga
1865 1064 1936 1153 ob:

660 1193 795 1282 seruari
829 1191 954 1306 potest
972 1205 1002 1275 ι·
1031 1193 1092 1277 sed
1123 1211 1318 1306 praeterea
1350 1193 1561 1275 notandum
1592 1183 1677 1298 eil,
1716 1217 1763 1276 nn
1799 1215 1932 1280 venun

660 1323 772 1406 fuerit
802 1321 949 1423 nullus,
996 1323 1132 1428 lenis,
1178 1318 1418 1422 violentior,
1468 1322 1515 1402 an
1545 1309 1681 1403 laeuiat
1727 1317 1933 1430 procella?

659 1447 833 1536 Interdiu
868 1447 944 1533 hoc
975 1470 1163 1560 utcunque
1192 1446 1379 1555 detegitur
1411 1471 1463 1530 ex
1496 1465 1605 1560 motu
1645 1471 1839 1532 ramorum
1890 1450 1933 1533 in

661 1577 883 1680 arboribus,
932 1595 996 1660 aut
1043 1590 1115 1659 ex'
1149 1573 1334 1658 velociori
1387 1565 1710 1677 intumulatum,
1762 1562 1931 1683 quaein

661 1703 779 1792 molis
807 1728 830 1787 a
858 1721 977 1824 vento
1029 1705 1247 1813 agitantur,
1299 1719 1340 1783 et
1389 1702 1452 1784 r'el
1503 1705 1654 1812 penitus
1700 1687 1929 1811 obteguntur

659 1832 758 1916 uelis
791 1837 827 1914 a·
844 1832 1054 1932 molitore,
1104 1827 1387 1912 uel-interdurn
1420 1830 1499 1913 duo
1528 1828 1630 1913 uela
1664 1851 1804 1941 parurn
1855 1827 1929 1936 ob·

660 1959 864 2044 uoluuntur
894 1977 1075 2068 regnante
1107 1955 1329 2038 violentiori
1360 1974 1510 2039 rento:
1561 1953 1627 2038 uel
1658 1973 1819 2064 quatuor
1852 1953 1945 2039 uela·

660 2087 896 2196 aliquantum
929 2085 1236 2168 conuolunntut:
1287 2080 1353 2165 rel
1385 2084 1478 2167 duae
1510 2077 1590 2166 alae
1620 2092 1698 2165 non
1731 2081 1930 2167 obducun-

660 2211 867 2319 unvero,
901 2211 999 2306 ,aliis
1030 2198 1173 2295 duabus
1203 2195 1511 2292 obtediitr'uel
1561 2207 1661 2292 nulla
1710 2209 1798 2292 vela
1849 2209 1928 2293 sunt

658 2337 822 2447 expansa
853 2333 895 2420 in
928 2327 994 2422 ali's
1013 2351 1174 2422 :rento
1203 2339 1333 2443 tnagis'
1353 2331 1537 2418 lreuiente
1568 2321 1726 2419 molitor
1756 2335 1834 2419 alas
1867 2333 1927 2418 fir·

660 2479 746 2548 mat
777 2479 816 2543 et
840 2475 906 2544 ‘eas
937 2463 983 2546 ad
1015 2453 1203 2545 aduersam
1237 2461 1340 2542 venti
1372 2461 1840 2568 plagamtircumnenit,
1878 2485 1923 2545 ne

660 2613 684 2676 a
718 2609 838 2672 rento
870 2589 1094 2699 laedantur3
1146 2586 1308 2670 interdiu
1343 2585 1391 2671 stc
1415 2575 1509 2670 satit
1542 2608 1748 2672 ventorum
1808 2590 1926 2696 impe

661 2731 719 2800 tus
750 2734 852 2824 patet
882 2717 1100 2803 diuidendos
1130 2713 1171 2797 in
1202 2733 1332 2823 partes
1367 2725 1392 2801 8
1424 2716 1608 2832 notandus
1638 2739 1668 2799 0
1676 2777 1689 2822 ,
1707 2740 1749 2823 1,
1769 2739 1808 2808 2,
1830 2734 1924 2824 Μ,

666 2848 838 2953 5‚6,7.
960 2869 963 2878 ’

807 3026 851 3118 Si
883 3031 1044 3144 molae,
1076 3056 1173 3144 quae
1201 3058 1224 3118 a
1256 3037 1382 3124 ventlt
1411 3036 1599 3145 agitantur
1617 3097 1646 3143 ,·
1659 3034 1715 3120 ibi
1743 3031 1819 3118 loti
1850 3058 1925 3119 non

577 3253 588 3270 ‚
659 3156 731 3246 srot
749 3208 778 3268 ,·
794 3176 881 3244 tum
913 3163 1039 3268 poteil
1071 3163 1221 3246 dolium
1254 3163 1396 3273 aliquot
1426 3164 1610 3273 lapidibus
1643 3181 1842 3248 oneratum
1872 3185 1923 3246 ex

659 3284 749 3371 fune
805 3311 882 3368 ao·
914 3287 1028 3395 pedes
1074 3285 1195 3396 longo
1245 3288 1414 3400 suspendi
1470 3315 1525 3374 ex
1567 3287 1659 3401 palo
1689 3313 1780 3374 cum
1812 3288 1922 3398 longe

659 3416 847 3500 eminenti
878 3412 1064 3519 brachio,
1101 3417 1166 3522 qui
1196 3417 1337 3501 steterit
1369 3421 1425 3504 in
1441 3421 1533 3503 loco
1562 3418 1719 3530 potenti.
1781 3415 1927 3500 Ventos

658 3540 701 3626 in
727 3543 871 3628 dolium
905 3541 1127 3647 incurrens,
1160 3541 1199 3626 id
1233 3543 1272 3626 in
1305 3547 1555 3632 oicilationet
1585 3548 1729 3653 agitat,
1762 3566 1812 3626 eo
1845 3569 1929 3628 ma·

658 3672 757 3756 iores
776 3691 897 3778 ,quo
929 3671 980 3752 ui
1004 3671 1142 3755 rnaiori
1173 3670 1384 3778 afflaoerit,
1436 3689 1503 3757 ex·
1526 3672 1737 3757 minoribus
1767 3671 1928 3754 maiori·
2050 3722 2051 3775 ³

660 3795 774 3882 busun
805 3796 1106 3882 oscillatinnibua·
1121 3795 1337 3882 obseruator
1367 3800 1473 3884 breui
1511 3821 1715 3884 ventorum
1764 3801 1930 3908 impetus

658 3925 882 4034 distinguere
914 3924 1038 4008 dilen.
1130 3919 1380 4037 caeteroquin
1415 3929 1454 4010 in
1487 3922 1593 4010 vsum
1627 3925 1762 4010 uocati
1806 3925 1930 4033 potest
2050 3920 2051 3991 ἔ

658 4053 992 4137 Anemometrurn
1043 4050 1153 4161 quale
1200 4050 1299 4139 Nob.
1342 4051 1443 4140 Chr.
1462 4102 1471 4131 ·.
1494 4052 1558 4138 W
1557 4052 1658 4148 odius
1713 4054 1754 4136 in
1796 4053 1925 4138 Elem.
2050 4046 2052 4095 ⁴

660 4175 790 4262 Math.
824 4176 1038 4289 descriptor,
1070 4200 1134 4264 aut
1167 4179 1290 4267 stntile
1314 4182 1466 4290 aliquod
1499 4181 1750 4266 &otrannus
1780 4181 1821 4262 in
1853 4180 1926 4262 Tr.
2049 4178 2050 4193 '

656 4302 709 4388 de
739 4303 961 4418 Mettorog.
998 4306 1062 4396 rel
1091 4308 1132 4394 in
1164 4296 1296 4396 l’llilb
1316 4312 1368 4395 dn
1383 4308 1540 4398 l’Acad.
1562 4313 1669 4418 Roy.
1690 4305 1925 4396 den-Selene.
