4175 5642
619 419 751 664 'mn
925 460 1671 616 nnntnunnuuu·

648 779 714 850 tur
731 749 878 844 narde
894 770 995 858 erat,
1012 769 1060 834 rt
1077 747 1219 862 posteri
1249 745 1419 838 muium
1453 771 1507 836 ex
1541 743 1738 836 Herculeo
1769 743 1912 856 Deir.

649 893 710 977 nis
739 886 869 972 abore
899 877 1125 990 percipere,
1154 880 1306 992 eiusque
1355 879 1662 982 obseruationes,
1707 901 1801 985 quas
1833 881 1917 991 apd,

647 1043 728 1128 quo
762 1032 935 1122 tempore
969 1008 1158 1094 institutae
1189 1007 1289 1114 sunt,
1318 1007 1463 1094 summa
1501 1007 1745 1094 accuratione
1774 1008 1910 1118 iuppu·

648 1162 731 1234 aare
762 1147 839 1226 oon
870 1136 1009 1247 licuit,
1033 1135 1183 1224 calculo
1213 1135 1392 1222 subiicere
1424 1135 1587 1258 pudent.
1920 1207 1925 1225 ,

797 1261 902 1352 Cum
934 1267 1059 1377 itaque
1091 1263 1229 1350 harum
1261 1264 1563 1350 obseruationum
1594 1264 1724 1364 dotet,
1739 1265 1787 1353 ad
1825 1267 1909 1356 ilio.

648 1421 735 1484 rum
769 1412 991 1505 temporum
1021 1395 1224 1500 rationem,
1240 1411 1361 1480 untae
1391 1392 1485 1497 dut,
1505 1411 1659 1503 amque
1677 1392 1907 1506 praeclarae,

648 1523 809 1610 dubium
841 1521 983 1607 nulium
1016 1525 1084 1628 ed,
1119 1525 1209 1634 quin
1240 1521 1431 1608 clementa
1448 1519 1718 1612 Asttouorniec
1734 1522 1923 1632 plurium.

648 1677 747 1765 quae
777 1675 832 1736 ex
862 1653 1156 1762 comparatione
1189 1651 1430 1762 antiquatum
1463 1669 1503 1736 ct
1544 1650 1795 1742 recentiorum
1843 1657 1910 1738 ob·

648 1780 900 1869 seruationum
932 1780 1093 1893 petenda
1123 1783 1236 1888 tunt,
1264 1802 1317 1866 cx
1349 1773 1531 1880 Tithonia
1563 1777 1768 1864 obseruatis
1805 1804 1922 1867 recu.

650 1907 832 2008 ratiffime
863 1910 943 1995 erui
973 1929 1088 2020 atquo
1121 1903 1271 1994 stabiliti
1304 1905 1456 2018 poffint.
1490 1904 1697 1994 Declaratur
1712 1906 1907 1996 bocetum

650 2036 797 2126 iabores
826 2039 1068 2147 quorundum
1102 2037 1421 2128 astronomorum
1453 2034 1818 2146 celeberrimorum,
1848 2033 1909 2148 qui

652 2188 735 2252 nou
770 2165 890 2252 mlum
938 2168 982 2252 iu
1025 2167 1238 2257 obseruatis
1286 2160 1474 2274 nycaena
1521 2163 1763 2254 emendandis
1803 2183 1909 2276 arque

467 2292 472 2300 ’
651 2294 906 2398 corrigendis,
935 2319 1072 2378 ventor
1099 2299 1220 2380 etiam
1251 2293 1291 2378 in
1325 2294 1369 2378 iis
1399 2317 1488 2378 cum
1517 2292 1829 2408 obseruantibus
1853 2316 1911 2376 re-

587 2429 591 2437 ’
649 2413 866 2502 contidimis
898 2417 1167 2528 comparandis
1195 2415 1427 2505 desudarunt.
1467 2419 1666 2542 Neque
1656 2444 1693 2504 tu
1718 2419 1904 2526 potientur
2033 2491 2040 2496 .

650 2542 695 2631 in
727 2541 806 2629 hoc
837 2567 960 2654 opere
990 2564 1032 2636 cr
1059 2545 1186 2636 nudo
1234 2546 1440 2644 retrabunt
1459 2522 1700 2642 Adonim,
1762 2546 1923 2661 Quaado:

650 2671 758 2756 enim
791 2672 1015 2760 uetustiores
1044 2671 1182 2760 fuerint
1221 2658 1408 2783 Tychunis
1455 2675 1762 2798 obdurationes,
1808 2693 1913 2758 taum

401 2810 404 2817 “
494 2850 497 2855 >
653 2799 815 2886 euadent
845 2799 1130 2887 defidentiorea
1156 2819 1267 2911 atque
1299 2807 1473 2890 utiliores
1500 2809 1548 2890 ad
1577 2802 1832 2915 perscrutanda
1858 2823 1911 2886 re·

655 2951 743 3014 rum
763 2925 982 3015 coelestium
997 2953 1146 3018 utana.
1175 2930 1276 3045 Quia
1294 2955 1388 3018 uero
1403 2932 1691 3021 conclufionum
1710 2955 1766 3016 ex
1779 2927 1912 3040 Tycha·

653 3058 716 3144 nis
747 3054 951 3144 concutis
977 3053 1267 3152 hauriendarum
1301 3081 1341 3146 et
1359 3061 1400 3144 in
1420 3059 1525 3148 usum
1537 3059 1910 3154 Astronumiaederi·

554 3201 561 3245 '-
652 3181 866 3270 mandarum
898 3183 1044 3281 nuliam
1074 3184 1221 3272 mmma
1249 3187 1297 3274 ab
1328 3189 1565 3273 accuratione
1597 3190 1734 3276 harum
1752 3189 1908 3270 obserat·

651 3306 803 3396 dunum
821 3311 1002 3420 -pendet,
1033 3310 1132 3398 haud
1165 3313 1240 3402 leui
1274 3335 1480 3402 momento
1509 3319 1740 3413 aestimanda
1772 3316 1823 3400 eii
1838 3312 1912 3398 dis·
1983 3409 1985 3414 ¹

649 3436 804 3548 qnifitio
834 3459 1009 3524 enorum
1041 3463 1274 3550 organorum
1307 3445 1650 3532 astronomicomm
1672 3446 1833 3555 „quinus
1850 3441 1917 3527 ob·
1975 3503 1980 3514 .

496 3593 502 3601 ·
653 3563 822 3654 seruator
849 3563 916 3651 ille
938 3565 1242 3678 diligentiiiimua
1273 3571 1355 3658 nsua
1386 3572 1462 3680 cst,
1495 3599 1565 3662 uec
1598 3599 1678 3660 non
1710 3571 1922 3670 eleutrum·

652 3716 740 3778 mm
742 3718 940 3840 ‚quorum
972 3696 1159 3804 cognitio,
1176 3703 1224 3786 ad
1243 3699 1445 3811 pofitioncs
1472 3697 1648 3790 Siderum
1674 3699 1922 3786 determinan-

582 3874 586 3883 -
653 3818 754 3924 das,
785 3823 960 3906 maxime
988 3821 1044 3906 css
1076 3821 1312 3922 necessaria.
1347 3828 1610 3940 Longintdiuis
1639 3851 1786 3942 nempe
1818 3847 1929 3938 atque

651 3940 880 4048 Lariurdiuia
910 3948 1123 4059 locorum,
1152 3956 1218 4039 ubi
1250 3956 1526 4044 obteruariones
1556 3959 1708 4044 habitae
1735 3956 1823 4041 sunt
1842 4005 1856 4060 ‚
1875 3955 1927 4038 iu

654 4075 872 4184 vestigatio.
940 4079 1045 4166 Haec
1075 4081 1229 4191 qudem
1252 4088 1390 4172 omnia
1420 4084 1583 4194 menon
1616 4085 1684 4198 ipfi
1715 4098 1829 4169 erant
1864 4081 1929 4168 de·

654 4195 852 4314 finienda3
882 4204 946 4291 sed
976 4225 1238 4358 praeterquam
1268 4217 1372 4360 quod
1390 4210 1455 4298 suo
1478 4218 1602 4302 modo
1620 4209 1753 4300 sedulo
1772 4213 1928 4312 annixus

659 4326 720 4434 fit,
738 4347 785 4413 ιι
815 4333 1009 4422 elementa
1039 4335 1226 4424 haecce
1214 4365 1255 4426 tu
1286 4342 1455 4454 apricum
1474 4341 1681 4451 proferret,
1711 4337 1932 4426 notandum

662 4451 734 4574 ‘ste
747 4475 930 4554 mum
960 4463 1181 4560 coelestim
1213 4468 1514 4590 ιοῳιιιιιιιοιιΙιι
1541 4471 1663 4591 pluteo
1691 4463 1943 4682 ‘ffenngffl

1865 4614 1941 4707 1³⁰.
