4175 5642
634 567 722 629 202
918 523 1652 629 ntuvctnartotunr

521 806 525 817 ·
631 765 820 853 sollicitari
851 764 895 851 srt
925 762 1164 852 censendum.
1226 764 1304 849 Pro
1330 755 1407 847 basr
1434 758 1573 849 scilicet
1607 759 1717 845 huius
1746 752 1899 847 cornu:

631 918 699 979 nae
731 893 826 977 sumi
860 894 974 980 debet
1005 895 1243 977 elementum
1276 890 1484 1005 superficiei
1524 892 1698 1001 corporis
1744 889 1786 971 in
1839 888 1901 999 M,
2037 987 2041 1020 Ι

631 1023 735 1133 quod
763 1020 810 1103 ab
839 1021 904 1106 ista
938 1023 981 1105 ui
1013 1023 1237 1108 normaliter
1269 1021 1495 1129 urgebitur,
1540 1018 1597 1101 vti
1627 1020 1667 1103 iu
1718 1014 1903 1103 omnibus

630 1149 873 1261 preffionibus
902 1152 1058 1253 euenit,
1103 1147 1266 1258 hincque
1298 1171 1420 1257 porro
1450 1168 1564 1229 more
1596 1144 1709 1229 mlito
1748 1144 1903 1266 quanti:

631 1293 753 1363 tatem
785 1280 899 1362 torius
931 1276 1157 1363 residentiae
1193 1275 1378 1385 colligere
1413 1272 1559 1357 licebit.

777 1468 856 1561 ῙΧ.
892 1471 1122 1584 Quanquam
1176 1488 1301 1554 autem
1349 1467 1448 1552 circa
1498 1468 1731 1554 celeritatem
1777 1494 1901 1581 aquae
2045 1455 2046 1464 ‘

629 1600 731 1713 apud
762 1598 897 1711 {iugula
928 1596 1071 1707 pendia
1104 1594 1153 1682 M
1185 1597 1281 1680 nihil
1316 1594 1504 1681 habemns
1550 1599 1796 1709 exploratum
1848 1616 1909 1683 ex

628 1722 838 1828 Themin,
868 1744 1001 1807 tamen
1034 1724 1063 1809 fi
1093 1724 1377 1835 experientiam
1408 1726 1451 1808 iu
1480 1724 1676 1811 subddiutn
1705 1744 1914 1830 uocemue„

629 1858 796 1967 egregias
846 1852 1067 1935 reiissentiae
1114 1854 1372 1961 proprietater
1414 1856 1702 1959 cognoscemus.⁴
1795 1843 1915 1936 Cum

629 1981 739 2067 enim
769 1977 879 2063 aum
910 1978 1103 2062 celeritate
1129 1980 1177 2059 itt
1206 1978 1348 2062 eodem
1377 1977 1499 2061 riuulo
1531 1980 1669 2091 pretim
1712 1979 1914 2065 diminua-

630 2124 724 2217 tur,
778 2126 910 2191 contra
943 2124 1039 2189 uero
1068 2124 1251 2213 augeatur
1282 2102 1476 2190 celeritate
1510 2107 1748 2214 imminuta,
1797 2122 1920 2189 certor

629 2231 824 2320 affirmare
871 2235 1114 2345 poterimus,
1161 2232 1202 2314 in
1253 2230 1387 2343 quihus
1426 2231 1519 2313 locis
1550 2236 1725 2342 corporis
1759 2228 1922 2316 ΑΜΕ

631 2384 728 2475 aqua
757 2358 925 2445 uelocius
956 2356 1275 2469 praeterlabatur‚
1307 2355 1361 2439 ibi
1391 2351 1633 2441 resrstentiam
1667 2359 1740 2439 effe
1774 2362 1928 2439 minna

631 2512 749 2577 rem,
781 2509 894 2597 quam
930 2472 974 2565 iis
1005 2484 1124 2582 locis,
1157 2484 1223 2569 rbi
1257 2483 1394 2564 tardius
1422 2482 1678 2591 praeterfluit:
1710 2508 1804 2591 qure
1836 2500 1931 2563 ve..

521 2698 527 2705 .
630 2612 778 2701 citasti
810 2612 932 2723 'probe
963 2608 1251 2719 perpendatur,
1283 2608 1391 2715 plura
1423 2610 1497 2690 alia
1530 2609 1684 2715 insignia
1714 2604 1926 2694 contecta-

542 2749 555 2775 ‘
631 2742 688 2826 ria
718 2738 961 2850 suppeditare·
986 2734 1144 2847 poterit'.
1238 2732 1302 2815 Ac
1334 2732 1479 2815 merito
1510 2732 1751 2841 beringerus
1798 2758 1926 2845 para.

630 2867 765 2953 doxon
797 2862 922 2951 rideri
953 2863 1095 2968 debet,
1143 2861 1245 2969 quod
1277 2882 1298 2941 a
1334 2861 1474 2943 maiori
1500 2857 1695 2943 celeritate
1744 2860 1919 2947 refisten

630 2996 684 3079 tia
718 2993 878 3091 minor,
933 3010 954 3069 e
986 2987 1131 3069 minori
1162 3004 1290 3068 autem
1322 2984 1519 3070 celeritate
1551 2988 1748 3071 reddentia
1783 2992 1924 3079 maior

631 3118 807 3227 oriatut3
840 3113 942 3224 quod
972 3113 1104 3223 primo
1135 3111 1270 3197 intuitu
1301 3112 1460 3223 tegulae
1481 3116 1626 3224 vulgari
1656 3114 1802 3199 directe
1846 3117 1918 3202 ad·

633 3242 770 3331 versari
818 3242 980 3325 uidetur.
1077 3234 1156 3322 Sed
1204 3242 1336 3323 omnis
1388 3238 1587 3327 difficultas
1619 3244 1921 3352 euanetcet‚sr

630 3368 937 3483 perpendamus,
970 3364 1034 3451 hic
1066 3366 1224 3448 diuersas
1257 3366 1361 3449 fluidi
1395 3370 1638 3471 celeritates,
1674 3374 1814 3484 quibus
1847 3397 1922 3458 eu·

632 3498 724 3587 dem
773 3514 950 3608 tempore
995 3490 1232 3603 superficiem
1280 3496 1454 3603 corporis
1502 3497 1674 3610 stringit,
1725 3500 1834 3585 inter
1882 3500 1922 3586 se

553 3658 562 3667 ·
633 3623 861 3737 comparari.
958 3618 1100 3729 Neque
1147 3621 1271 3704 minus
1299 3642 1446 3709 certum
1481 3644 1636 3731 manet,
1676 3626 1806 3711 fruel
1842 3628 1922 3713 flu·

632 3754 714 3841 uiua
763 3749 929 3836 uelocius
980 3768 1211 3850 moueatur,
1262 3748 1328 3832 rei
1374 3770 1514 3859 corpus
1553 3749 1707 3837 celerius
1739 3756 1927 3845 aduersae

633 3900 772 3989 aquam
826 3876 1026 3981 trudatur,
1087 3864 1336 3961 refistentiar'tt
1386 3900 1554 3990 quoque·
1588 3883 1784 3968 maiorem
1838 3880 1932 3979 effe

634 4004 814 4093 ficturum.

518 4310 525 4323 ι
782 4200 843 4285 X.
867 4172 1045 4283 ‘victum
1080 4224 1176 4312 ergo
1207 4200 1275 4286 rbi
1305 4224 1374 4313 per
1406 4203 1685 4317 experientiam
1736 4208 1922 4293 refluen-

632 4326 683 4411 tia
713 4323 839 4412 maior
867 4325 1189 4439 deprehenditur,
1247 4329 1301 4413 ibi
1314 4410 1324 4421 ,,
1332 4332 1502 4419 celeritas
1542 4334 1649 4418 fluidi
1702 4337 1921 4446 praeterla-

630 4452 754 4551 hrutis
786 4456 914 4541 minor
941 4453 986 4541 fit
1014 4454 1158 4545 ueceffe
1187 4456 1282 4576 οὓς
1313 4481 1408 4546 cum
1442 4463 1557 4575 igitur
1588 4468 1844 4573 nouerimus,
1879 4467 1929 4551 in

1879 4616 1928 4681 ut
