4175 5642
222 479 235 518 ⁸
294 450 299 454 ’
359 491 842 610 ousuaVAttoNES
873 419 1212 628 morou.
1306 448 1394 614 tat

30 819 37 838 Ν,
283 727 472 817 Examini
517 729 702 817 theutica
729 726 891 841 pluuia,
932 727 1085 818 diuersas
1111 721 1301 818 tuendbt'tt
1333 729 1402 823 de·

32 949 34 964 .
134 853 264 963 uidua,
291 857 502 956 fitbiicirtur
521 853 617 960 ,ut
651 879 771 968 partes
794 878 1118 966 componentes,
1153 860 1272 968 salia,
1302 857 1403 965 olea,

29 1073 31 1082 ,
130 1003 254 1073 terrae
294 1003 372 1068 etc.
420 983 685 1089 innotescant,
737 1005 831 1092 quae
879 986 1011 1090 omnia
1049 990 1133 1072 'lunt
1161 986 1403 1072 adnotandae

131 1109 287 1222 pluuiqe
314 1112 422 1210 euim
453 1110 693 1224 ituputitates
724 1107 856 1194 multis
882 1110 1096 1230 discrepant
1119 1113 1285 1228 modia3
1329 1133 1404 1200 nec

128 1235 198 1330 niu
217 1236 402 1338 ‚theutica
427 1234 574 1344 :analyli
587 1237 881 1350 eognoscatttut.

284 1423 433 1512 Diebus
458 1425 627 1510 humidis
655 1445 717 1508 ter
742 1428 917 1540 quotidie
945 1426 1116 1539 pluuium
1142 1426 1285 1514 uotaile
1335 1414 1409 1514 de

134 1555 252 1658 ficit,
284 1557 423 1640 exinde
450 1555 557 1637 enim
609 1568 793 1662 quantum
843 1554 991 1639 lubente
1030 1559 1165 1642 medie
1192 1556 1407 1666 ceciderit,

129 1677 295 1769 eonilat.
357 1679 519 1768 Neeelle
548 1683 687 1779 etiam,
721 1701 765 1763 at
793 1680 934 1790 figurae
968 1683 1181 1767 lloccomm
1218 1685 1406 1769 niutliutn

132 1832 178 1894 et
209 1810 402 1920 grandinis
427 1809 680 1918 mittoscopio
706 1807 940 1919 spectentur,
970 1829 1016 1894 et
1050 1809 1266 1896 dducatu
1292 1815 1408 1897 accu-

130 1959 224 2024 tate
255 1939 504 2022 adnotentur.
589 1938 595 1948 '
1031 1981 1037 1993 ·
1390 1976 1394 1984 ·

284 2129 438 2218 Notate
467 2125 584 2210 etiam
602 2145 776 2240 oportet,
809 2149 988 2240 quantum
1011 2153 1126 2242 aquae
1143 2127 1314 2244 quolibet
1331 2123 1410 2236 die,

130 2261 298 2361 meost,
353 2276 393 2340 et
425 2277 560 2360 auno,
608 2255 647 2336 in
677 2279 862 2365 uaporem
895 2258 1023 2340 uersae
1054 2259 1098 2344 iu
1129 2282 1235 2342 auras
1264 2255 1404 2340 euolet.

129 2388 228 2476 Hoc
274 2385 515 2496 inuestigatot
573 2380 898 2492 Eutpotaaorto,
944 2383 1022 2468 liae
1071 2381 1407 2486 Erannoscopio‚

130 2517 238 2626 quod
270 2514 326 2598 est
351 2537 419 2594 tas
451 2533 504 2590 ex
532 2529 620 2590 aere
648 2509 789 2602 soluo,
840 2525 1009 2607 cauum,
1052 2499 1176 2588 forma
1212 2500 1408 2619 parallele-

129 2643 305 2752 piped,
348 2631 609 2742 sesquipedem
656 2625 812 2728 altura,
865 2627 927 2711 cui
964 2627 1159 2739 quodlibet
1188 2627 1286 2714 latus
1316 2647 1409 2714 orae

124 2785 297 2877 apertae
347 2758 507 2871 superius
555 2753 611 2853 est
652 2753 934 2866 expolitum*²
989 2777 1088 2866 ergo
1121 2761 1185 2862 ³⁶
1222 2753 1408 2868 pollicum

127 2895 407 3004 quadratorum,
434 2884 493 2969 eli
515 2897 703 2990 apertura.
756 2873 911 2966 Deinde
941 2882 985 2966 in
1013 2881 1142 2994 tegula
1172 2906 1288 2998 teum
1317 2905 1410 2967 mo·

131 3018 283 3125 bilique
310 3012 562 3120 tnuulpantur
593 3005 753 3114 pollices
784 3018 857 3116 tl,
887 3025 934 3092 ut
961 3007 1083 3094 fundo
1109 3005 1204 3094 tells
1241 3007 1407 3117 indueus

132 3143 286 3256 apponi
313 3138 493 3224 interiori
522 3133 630 3218 lrteti
661 3131 808 3240 polilt,
861 3153 902 3218 et
933 3153 1094 3220 exemta
1122 3158 1178 3220 ex
1208 3132 1292 3220 vast
1334 3158 1409 3247 ap·

137 3289 273 3383 pateat
294 3251 465 3352 ¹altitudo
490 3285 612 3372 aquae
626 3259 683 3341 iu
715 3259 812 3346 vate
890 3259 1007 3346 .vafi
1053 3260 1265 3350 ufirndatur
1309 3282 1410 3375 aque

136 3401 192 3482 ad
218 3393 458 3488 altitudinem
490 3389 630 3500 pedis,
679 3389 840 3498 superius
885 3411 1007 3473 mane
1053 3389 1310 3502 relinquitur,
1362 3405 1409 3476 tt

138 3526 267 3633 capiet
300 3520 498 3632 pluuium,
529 3538 602 3598 nee
634 3512 732 3599 haec
759 3530 905 3598 exeat:
945 3533 1111 3624 ponatur
1137 3541 1266 3630 prope
1296 3501 1409 3624 llye'·

139 3672 351 3737 tomettum
383 3647 424 3732 iu
456 3643 601 3754 patenti
626 3663 742 3747 area,
773 3639 836 3726 uel
864 3640 953 3726 loco
983 3643 1118 3728 medio
1146 3641 1283 3750 horti,
1330 3657 1407 3743 aut,

65 3843 77 3854 .
142 3777 247 3888 quod
296 3774 431 3858 melius
474 3771 559 3876 est,
611 3767 651 3850 in
688 3766 947 3852 obseruatotio
971 3769 1260 3880 ailtonourico,
1308 3787 1408 3854 tto

142 3904 290 3989 soloin
322 3897 526 3998 rotundum
560 3893 789 4000 illustretur,
829 3894 1094 4009 incalescatqte
1125 3895 1165 3980 in
1196 3921 1248 3982 eo
1273 3920 1403 4006 aqua,

142 4053 188 4116 et
217 4055 240 4112 a
273 4046 391 4112 tento
421 4023 613 4134 perfletur.
681 4021 750 4106 Ex
780 4044 1000 4133 comparata
1029 4024 1230 4110 altitudine
1259 4019 1410 4135 pluuire

145 4162 189 4243 in
221 4156 508 4260 tlyuometm,
563 4167 604 4231 et
632 4147 827 4233 altitudine
853 4173 970 4260 aquae
1000 4155 1042 4236 in
1093 4149 1406 4261 Euapotatotio,

145 4289 362 4395 {opputatur
401 4277 538 4378 delle,
585 4294 767 4383 quantum
799 4273 864 4358 sub
893 4277 1015 4362 sonna
1047 4281 1204 4388 repotia
1232 4276 1272 4361 iu
1300 4274 1410 4361 subii-

23 4473 38 4534 μ
149 4437 219 4498 tue
251 4408 430 4501 exiuerit.
484 4404 675 4492 Praeterea
705 4400 876 4490 fabrefiat
904 4405 1080 4492 eraticula
1112 4427 1166 4493 ex
1195 4404 1272 4494 filu
1288 4403 1411 4492 tenui.

213 4523 746 4624 Tom.v111.Nou.Comm.
998 4529 1114 4620 Ccc
1341 4529 1411 4614 bos
