4175 5642
654 594 743 671 noo
887 548 1669 659 -nu'utfotudrtonrds

654 828 770 917 quam
803 823 939 913 corpus
974 798 1015 879 iu
1044 788 1195 904 singulis
1225 790 1374 905 pundiis
1406 814 1429 873 a
1464 788 1584 875 fluido
1634 784 1815 896 sustinet,
1863 786 1928 879 da·

660 932 866 1017 finiamus:
919 941 958 1006 at
1010 944 1109 1004 uero
1140 920 1236 1003 hacc
1271 917 1437 1031 quaestio
1465 918 1608 1003 altioris
1638 918 1691 1002 est
1722 916 1929 1027 indaginis.

656 1084 775 1171 quam
806 1072 853 1138 ut
883 1054 961 1133 eius
991 1050 1258 1135 enodationem
1293 1072 1316 1131 a
1355 1046 1620 1159 profectibus,
1669 1072 1764 1156 quoa
1809 1046 1930 1140 adhue

658 1188 698 1277 in
728 1178 1066 1287 hydrodynumicis
1094 1179 1287 1281 fecimus,
1319 1174 1526 1282 expectare
1557 1199 1760 1285 queamus.
1856 1177 1932 1263 Hic

660 1314 765 1409 enim
798 1306 930 1417 singuli
962 1304 1103 1412 riuuli,
1132 1327 1184 1393 ex
1213 1299 1346 1412 quibus
1372 1300 1507 1391 fluuius
1532 1302 1699 1407 constat,
1728 1320 1768 1387 ct
1796 1327 1932 1415 quem·

660 1438 872 1541 admodum
922 1430 1066 1520 cursum
1118 1430 1225 1519 suum
1264 1430 1364 1518 circa
1392 1454 1534 1538 corpus
1574 1430 1798 1537 inflectant,
1837 1456 1936 1517 con.

661 1565 830 1669 fidenati,
861 1579 975 1671 atque
1003 1581 1144 1642 omues
1174 1555 1260 1650 illae
1291 1558 1410 1649 lineae
1441 1583 1574 1647 curuae
1597 1549 1653 1667 ff,
1676 1585 1752 1669 gg,
1767 1556 1838 1664 dh,
1855 1577 1933 1647 etc.
2053 1645 2054 1660 ι

662 1693 762 1807 quast
793 1688 858 1775 sub
888 1709 1144 1781 communem
1176 1685 1441 1829 aequationem
1473 1686 1593 1797 redigi
1630 1687 1795 1800 debent·
1832 1686 1936 1771 vnde

663 1824 841 1941 deinceps
871 1840 987 1927 aquae
1017 1814 1232 1907 celeritas
1221 1838 1262 1896 ru
1291 1813 1437 1923 singulis
1467 1839 1639 1925 cuiusque
1689 1815 1800 1905 riuuli
1838 1840 1942 1926 pun

664 1950 738 2051 diis
771 1944 948 2033 concludi
981 1962 1104 2055 queat
1175 1938 1258 2030 Hac
1291 1962 1418 2030 autem
1445 1943 1606 2035 demum
1641 1944 1834 2033 celeritate
1869 1964 1940 2027 co·

666 2077 792 2185 gnita,
823 2073 941 2183 ipsam
983 2069 1246 2180 pressionem,
1292 2069 1354 2159 cui
1388 2061 1467 2165 hoe
1495 2073 1694 2184 negotium
1729 2061 1941 2177 inuititur,

667 2188 847 2312 ‚aiiignare
898 2197 1056 2306 licebit,
1102 2222 1125 2279 a
1166 2218 1247 2284 tam
1280 2195 1448 2307 persedit
1475 2219 1605 2290 autem
1638 2217 1768 2293 motus
1798 2197 1943 2293 fluido·

667 2354 755 2427 rum
787 2327 1005 2442 cognitione
1036 2322 1156 2411 adhuc
1186 2324 1299 2435 longe
1329 2324 1515 2413 absumus.

817 2454 892 2550 VI.
928 2456 1038 2574 Quae
1068 2446 1201 2543 Celcb.
1239 2447 1476 2544 Aleatbertus
1507 2450 1554 2538 de
1605 2451 1801 2539 refisientia
1854 2453 1947 2545 flui-

543 2612 545 2621 ’
668 2586 850 2677 domm
839 2608 878 2675 ιιι
918 2580 1095 2693 peculiari
1145 2578 1326 2672 deiatu
1375 2576 1430 2667 est
1480 2600 1792 2685 commentatus,
1839 2580 1946 2669 hauc

668 2712 862 2806 summam
894 2708 1183 2815 difficultatem,
1216 2730 1348 2797 ueram
1381 2704 1625 2797 refistcntiatu
1658 2706 1941 2850 inuestigandi,

666 2841 796 2961 magis
823 2839 1095 2940 demonstrant,
1124 2859 1238 2963 quam
1273 2834 1414 2927 leuant.
1484 2827 1587 2919 Cum
1619 2836 1726 2922 euim
1761 2834 1830 2916 Vir
1850 2860 1944 2925 acu·

671 2954 830 3063 tissimus
861 2966 969 3054 omni
996 2964 1169 3056 adhibita
1202 2963 1396 3071 dagacitate
1429 2960 1529 3055 hanc
1560 2950 1842 3073 quaestionem
1874 2962 1943 3053 ad·

673 3114 826 3211 aequate
861 3090 1055 3199 explicare
1087 3086 1185 3179 haud
1240 3086 1429 3192 valuerit,
1480 3107 1526 3174 ut
1577 3090 1664 3178 inde
1713 3088 1946 3199 resistentia,

669 3248 788 3342 quam
817 3219 970 3338 quaeuis
1001 3240 1164 3325 corpora
1195 3218 1235 3309 in
1268 3240 1362 3325 aqua
1392 3225 1500 3307 mota
1533 3217 1754 3327 patiuntur,
1785 3216 1945 3328 assigna·

672 3351 706 3430 ri
739 3349 878 3457 poffit:
928 3367 1072 3467 magno
1105 3342 1183 3435 hoc
1215 3332 1322 3435 uobis
1352 3343 1407 3437 est
1443 3366 1700 3457 argumento,
1756 3348 1946 3458 quaestiuv

674 3498 766 3567 nem
801 3494 1000 3581 tantopere
1031 3466 1110 3555 erse
1142 3460 1412 3575 difficilem,
1430 3493 1473 3555 ut
1503 3473 1599 3563 uires
1631 3474 1817 3566 humanas
1856 3498 1945 3568 tun·

677 3619 758 3687 tum
811 3626 889 3683 non
941 3604 1114 3709 superare
1143 3603 1327 3683 uideatur.
1425 3600 1534 3714 Quae
1564 3627 1638 3711 ego
1669 3606 1785 3687 etiam
1822 3630 1945 3716 nuper

671 3730 718 3811 in
751 3728 895 3838 aliquot
926 3726 1240 3810 differtationibns
1269 3729 1319 3810 de
1351 3742 1460 3810 motu
1494 3730 1700 3833 fluidorum
1750 3730 1948 3841 exposui,

678 3855 824 3937 nuilum
857 3854 1054 3937 subsidium
1089 3852 1165 3935 huc
1197 3854 1366 3938 afferunt.
1431 3852 1591 3939 Etiamsi
1628 3862 1729 3943 enirn
1776 3866 1946 3967 omnia,

680 4006 775 4088 quae
803 3982 849 4065 ad
882 4000 1034 4064 motum
1083 3981 1287 4065 fluidorum
1340 3982 1561 4091 pertinent,
1585 3987 1658 4068 ad
1707 3991 1947 4097 aequationer

666 4106 884 4213 *analyticas
931 4106 1099 4211 reduxi,
1149 4129 1278 4191 tamen
1309 4108 1383 4218 ipsa
1419 4110 1593 4213 Aualysn
1624 4110 1790 4199 minime
1822 4116 1949 4205 adhuc

675 4236 735 4316 ita
769 4234 823 4317 est
854 4233 1030 4339 exculta,
1080 4252 1125 4317 ut
1156 4236 1229 4319 inis
1261 4237 1541 4344 aequationibus
1570 4241 1801 4327 resolueudis·
1843 4241 1947 4327 suffi-

671 4362 771 4443 ciat.
835 4363 943 4473 Quae
992 4387 1109 4471 porro
1141 4364 1206 4445 aiii
1236 4366 1287 4448 de
1321 4363 1395 4447 hoc
1419 4370 1738 4476 argumentosum
1756 4369 1952 4481 meditari,

684 4484 798 4574 haud·
816 4489 975 4585 feliciori
1008 4490 1165 4581 ruccedu
1196 4492 1303 4582 viret
1329 4491 1405 4579 suaa
1436 4492 1578 4612 ingenii
1609 4497 1691 4583 sunt
1715 4500 1883 4606 experti.

671 4638 708 4681 ³¹
1736 4624 1831 4718 vlt.
1864 4623 1951 4723 Etss
