4175 5642
410 564 712 667 munerun
743 562 1186 673 uacumnneur.
1334 602 1435 693 245

77 844 82 847 ·
155 799 374 917 percurrit,
421 804 642 907 cuanescat,
665 790 669 799 ’
691 808 774 889 tum
804 804 832 891 st
863 804 913 889 ita
938 807 1170 908 moueatur,
1197 822 1243 918 ut
1275 804 1426 919 siugulis

158 932 323 1029 minutis
351 928 511 1014 secundis
540 929 698 1039 spatium
725 948 774 1045 p,
823 932 1007 1018 exiliente
1050 933 1183 1051 p<s,
1227 934 1394 1020 abloluat
1411 944 1436 1044 ,'

160 1083 248 1167 eius
279 1079 525 1190 quantitatem
558 1074 637 1163 fote
669 1064 970 1199 :A(1·-})’.
1032 1086 1145 1199 Quae
1177 1082 1241 1167 etfi
1271 1108 1324 1168 ex
1360 1106 1427 1169 na·

158 1226 245 1291 tura
277 1204 457 1315 impulsus
488 1232 604 1316 aquae
631 1210 714 1291 sunt
745 1208 945 1316 desumta‚
977 1228 1107 1293 tamen
1140 1209 1251 1293 latius
1279 1232 1423 1321 patere,
1557 1261 1560 1272 ,

154 1352 270 1443 atque
301 1334 399 1416 adeo
427 1336 469 1417 in
501 1333 656 1418 actione
699 1336 905 1420 hominum
952 1337 1251 1447 animaliumque
1298 1338 1428 1423 locum

154 1459 306 1547 habete.
331 1462 544 1574 uideutorq
565 1462 613 1547 de
644 1488 723 1572 quo
751 1487 803 1545 eo
831 1465 958 1549 minus
989 1464 1161 1547 dubitare
1189 1465 1304 1571 licet,
1338 1487 1430 1551 cum
1546 1534 1548 1536 .

156 1587 376 1675 huiusmodi
408 1588 507 1673 uires
536 1590 687 1677 nonnisi
721 1590 1006 1702 propemodum
1037 1591 1084 1675 ad
1137 1590 1321 1676 calculum
1368 1615 1428 1677 te·

156 1719 293 1817 uocari
321 1736 473 1828 queant.
555 1716 621 1803 De
650 1718 870 1817 homiuibus
900 1741 998 1827 ergo
1030 1737 1141 1830 atque
1173 1717 1431 1825 animalibus,

154 1868 325 1953 quorum
364 1868 440 1955 ope
488 1846 687 1934 machinae
737 1847 872 1957 agitari
914 1843 1066 1953 solent,
1112 1844 1347 1948 statuemus,
1398 1843 1428 1928 fi

156 1970 331 2055 hominis
363 1971 610 2079 animalium,
640 1974 734 2057 dum
765 1971 946 2082 quiescit,
983 1972 1043 2053 uis
1074 1968 1183 2056 fucrit
1214 1971 1347 2074 ΞΑ,
1380 1991 1429 2052 ea

155 2122 284 2218 uero,
335 2101 487 2209 quando
534 2100 685 2209 fingulis
735 2099 894 2184 minutis
940 2096 1107 2183 secundis
1131 2100 1306 2209 ,spatium
1337 2092 1437 2209 :f

23 2227 24 2230 ‘
156 2227 370 2337 percurrit,
414 2229 630 2335 euanescat,
661 2247 744 2315 tum
777 2228 945 2311 eiusdem
979 2225 1100 2334 vim,
1131 2224 1309 2310 domita
1340 2244 1427 2306 mo·

156 2374 305 2460 uetur,
354 2374 398 2437 ut
439 2355 591 2464 singulis
617 2356 770 2439 minutis
798 2354 966 2438 secundis
988 2353 1154 2463 spatium
1188 2368 1278 2466 :p
1308 2347 1426 2435 absol·

153 2520 225 2587 uat
244 2556 256 2601 ‚
292 2500 371 2583 sore
404 2481 698 2617 ²A(¹·})²·
776 2499 920 2607 Quodsi
953 2524 1047 2606 crgo
1077 2500 1161 2581 talia
1196 2499 1283 2591 uis,
1330 2498 1428 2579 dum

153 2627 308 2736 singolis
338 2625 492 2709 minutis
522 2628 684 2706 secundis
712 2646 780 2731 per
810 2624 971 2726 spatium
1008 2637 1096 2732 :p
1128 2622 1276 2720 fertur,
1304 2642 1430 2727 pona·

158 2790 224 2851 tur
256 2765 369 2866 :P,
402 2766 473 2846 erit
504 2750 850 2882 P:A(1-})²,
875 2786 920 2844 ac
951 2760 980 2843 st
1013 2762 1162 2871 inlupcr
1192 2762 1339 2845 constet
1370 2765 1430 2849 uia

158 2894 221 2998 A,
270 2914 386 3001 qnam
436 2892 571 2975 eudem
617 2892 674 2973 uis
720 2890 919 3000 inquiete
949 2891 1099 2992 exerit,
1145 2887 1234 2972 hinc
1263 2886 1427 2975 uicilsrm

154 3018 427 3101 concludemus
475 3017 691 3101 maximam
740 3015 816 3097 eius
856 3012 1091 3097 celeritatem
1119 3012 1151 3122 f,
1179 3039 1251 3125 qua
1282 3014 1428 3101 nullam

156 3160 329 3273 emplius
357 3160 439 3242 uim
474 3179 635 3245 exeret:
664 3162 737 3243 erit
766 3160 868 3242 enim
906 3182 980 3237 1·-
992 3134 1028 3277 ξ
1047 3133 1226 3269 :V},
1264 3156 1427 3269 hincque

189 3337 239 3393 τ.
261 3278 441 3425 ᾗῇ,
491 3304 592 3387 uude
638 3324 769 3387 natura
813 3302 1025 3387 huiusmodi
1073 3301 1218 3386 uirium
1255 3300 1431 3388 distincte

155 3439 392 3547 intelligitur.

303 3692 373 3749 ια.
407 3665 453 3751 Si
502 3661 706 3750 huiusmodi
753 3665 816 3747 nis
860 3663 919 3745 aad
958 3658 1171 3748 machinam
1217 3660 1436 3745 mouendam·
1517 3710 1535 3741 t

159 3794 418 3895 adhibeatur,
450 3816 547 3904 quae
575 3792 613 3875 iu
641 3792 762 3901 quiete
790 3788 912 3871 maior
929 3791 1017 3903 stt,
1065 3813 1174 3900 quam
1206 3787 1429 3901 ressseutiae

161 3924 416 4037 aequilibrium
441 3922 632 4028 requirit,
673 3930 750 3999 tum
779 3911 953 4001 maehina
983 3941 1068 4003 mox
1098 3920 1153 4003 ad
1180 3929 1311 4000 mutum
1341 3918 1437 4003 oni·

158 4050 582 4163 summoueantur,
617 4056 687 4157 qua
718 4045 886 4153 deinceps
913 4058 1093 4159 perpetua
1124 4044 1354 4154 agitabitur,
1370 4044 1426 4157 fi-

159 4180 306 4293 quidem
332 4170 413 4291 ipse
440 4170 616 4259 maehina
648 4186 762 4257 mutus
790 4170 988 4285 uniformis
1006 4170 1134 4289 suerit
1162 4189 1301 4285 capax.
1513 4162 1516 4165 ’

316 4364 384 4453 Sit¹
408 4365 520 4475 igitur
549 4362 644 4448 hacc
677 4362 735 4445 vis
766 4363 971 4486 impellens
1000 4363 1057 4449 ita
1088 4387 1337 4475 comparata,
1381 4388 1429 4457 ut

164 4494 376 4612 inquiete,
391 4496 472 4581 eius
499 4492 685 4606 quantitas
715 4486 761 4605 stt
791 4494 893 4577 :A
915 4517 933 4605 i
976 4490 1070 4578 dum
1103 4499 1230 4582 autem
1280 4494 1428 4602 lingulis

731 4614 877 4725 Hira
1127 4714 1136 4725 ,
1273 4619 1432 4709 minutis
