4175 5642
390 481 583 623 pm
641 477 1094 608 nunno-tn.
1175 615 1180 626 Β
1327 512 1428 600 aaa

240 805 247 816 ,
303 715 443 834 Quum
504 709 656 824 spirituo
699 711 784 804 uini
839 713 1166 810 :confluentina
1213 717 1430 810 minimum

151 847 291 936 caloris
322 845 480 958 graelum
508 844 559 932 ad
588 839 852 934 ebullitionem
883 846 1084 956 requirat,
1140 845 1236 958 sequi
1265 857 1432 940 omuino

155 976 337 1089 ridetur,
368 973 483 1066 fluida
509 994 562 1058 eo
591 969 745 1086 minori*
770 971 914 1064 enoris,
938 963 1061 1094 gradu
1089 974 1138 1060 nd
1164 975 1439 1086 ebullitionem,

151 1105 356 1216 indigere,
399 1123 482 1218 qun
529 1098 689 1219 puopius
732 1100 783 1190 nd
813 1120 991 1190 naturum
1021 1099 1168 1214 spiritus
1207 1105 1288 1188 uini
1317 1107 1433 1202 reili-

153 1225 573 1324 fimtiffimiacceduut
592 1282 616 1332 a.
639 1226 811 1338 adeoque
838 1253 892 1314 eo
920 1231 1150 1344 maiorem,
1177 1257 1260 1342 quo
1274 1221 1432 1346 ¹lougius

148 1359 201 1450 ab
228 1383 279 1454 et
308 1357 508 1447 recedunt.
579 1358 672 1480 Quo
702 1357 895 1450 maiorem
926 1359 1041 1468 igion
1071 1351 1216 1471 spiritus
1248 1365 1330 1470 puri
1361 1388 1433 1452 eo·

149 1488 260 1600 pium
288 1485 467 1583 eontinet
493 1484 684 1592 fluidum,
712 1510 766 1572 eo
798 1489 942 1573 minori
970 1489 1021 1572 ad
1050 1487 1314 1574 ebullitionem
1345 1516 1429 1602 gru.-

146 1619 202 1700 du
235 1638 334 1728 opus
370 1611 517 1715 habet,
567 1634 700 1706 contra
730 1638 782 1698 eo
809 1615 949 1700 maiori
974 1618 1107 1728 egebit
1150 1617 1306 1726 calore,
1351 1645 1432 1732 quo

148 1743 291 1831 minor
310 1741 472 1852 spiritus
496 1744 614 1853 eopia
642 1743 717 1828 etit
747 1744 789 1827 iu
821 1741 940 1827 fluido
968 1731 1157 1866 cooperui.

157 1887 164 1902 ·
289 1860 398 1963 Hine
413 1893 466 1954 ex
479 1871 656 1982 gradibus
672 1868 803 1956 caloris
817 1871 1028 1959 maioribus
1057 1873 1125 1957 snb
1158 1873 1313 1966 initium
1345 1876 1428 1964 bul·

148 1984 328 2108 litionis,
358 2015 403 2086 et
434 1998 649 2082 minoribus
677 1999 855 2084 adeunte
906 2003 1077 2106 notatis,
1124 2001 1175 2087 de
1204 2005 1356 2090 minore
1386 2029 1430 2092 et
1585 2019 1587 2030 '
1731 2017 1734 2024 '
1805 1979 1807 1987 ⁸

149 2129 307 2213 maiore
337 2117 488 2236 spiritm
511 2127 552 2210 in
573 2125 726 2212 fluido
757 2131 852 2212 dato
898 2133 1073 2216 contenti
1118 2133 1231 2242 eopia
1278 2147 1430 2242 qumque

148 2255 307 2342 iudicari
340 2253 452 2364 poll'e
481 2255 654 2362 adparet.
716 2251 797 2342 Sed
831 2280 909 2340 non
939 2259 1039 2342 aden
1066 2256 1172 2343 sicile
1202 2259 1287 2358 elli
1332 2287 1428 2370 pun·

147 2384 262 2472 stum
293 2383 395 2470 initii
421 2382 630 2469 bullitionis
654 2383 829 2472 adcurate
852 2403 1023 2493 notare,
1055 2411 1128 2468 noa
1155 2385 1308 2470 initium
1342 2385 1432 2472 bul·

145 2509 295 2598 litionis
319 2531 410 2596 tunc
439 2513 603 2595 demum
632 2513 854 2614 statuum,
898 2537 1018 2618 quum
1050 2511 1135 2596 tnt'a
1167 2511 1272 2604 fluidi
1304 2512 1429 2621 super.

143 2638 255 2726 ficies
295 2637 454 2726 ebullire
484 2637 704 2744 inciperet,
752 2636 848 2720 llaec
880 2636 980 2722 ratio
1014 2635 1102 2743 eli,
1149 2659 1219 2730 eur
1258 2635 1428 2734 'initium

142 2768 291 2879 plenae
321 2759 549 2857 ebullitionis
574 2761 899 2871 adpellanerimus.
974 2761 1131 2858 luitium
1151 2783 1281 2862 antem
1297 2853 1299 2861 .
1314 2767 1429 2854 buln.

138 2895 269 2978 tionis
302 2891 448 3005 primae
478 2889 526 2972 ab
556 2890 669 2972 initio
709 2888 842 2999 plenae
891 2891 1124 2976 ebullitionis
1173 2891 1254 2982 ene
1297 2885 1426 3004 distin,

142 3021 382 3132 guendum,
432 3015 494 3098 uel
525 3017 603 3124 ipsa
631 3041 726 3128 aqua
761 3007 971 3108 monstrare
1002 3020 1157 3129 potest,
1204 3045 1298 3130 qnae
1333 3029 1425 3136 lura

136 3150 225 3280 per
255 3143 400 3256 aliquot
429 3143 604 3252 gradibus
635 3169 657 3224 a
688 3145 812 3250 prima
841 3167 885 3230 et
934 3146 1081 3254 partiali
1131 3149 1329 3250 bullitione
1380 3153 1428 3240 ari

150 3275 312 3386 plenam
362 3272 520 3374 differt,
571 3272 696 3354 maior
746 3297 841 3358 uero
888 3274 983 3388 liner
1011 3275 1224 3362 differentia
1253 3279 1292 3361 in
1327 3283 1427 3369 uinis

151 3402 258 3490 mihi
307 3399 363 3484 est
409 3397 636 3505 obseruata,
683 3395 827 3488 scilicet
874 3427 928 3484 ro
961 3403 1147 3511 graduum
1180 3421 1220 3486 et
1253 3407 1424 3516 amplius·

149 3531 290 3648 Quum
344 3546 473 3610 antem
532 3525 661 3610 statim
712 3530 798 3639 poll
845 3529 999 3646 initium
1022 3562 1024 3569 ·
1050 3528 1277 3620 ebullitionie
1308 3534 1428 3620 ealor

148 3657 329 3761 crescet,
365 3651 571 3740 difficultas
598 3655 772 3740 adctrrate
806 3657 966 3750 initium,
987 3655 1193 3740 bullitiouis
1231 3655 1410 3746 obseruau

150 3787 195 3870 ni
224 3786 307 3868 sutis
338 3802 455 3893 patet.
551 3779 701 3868 Pondus
749 3783 1034 3895 atmosphaerae
1088 3808 1166 3866 nou
1215 3781 1333 3890 solum
1386 3789 1428 3888 in
1551 3813 1555 3818 “

148 3899 325 4024 aquam,
355 3909 564 3994 sedetiam
598 3910 639 3993 in
671 3909 814 4022 reliqua
844 3911 957 3999 fluida
982 3891 1208 4018 bullientia,
1239 3913 1428 4025 influere,

149 4061 270 4152 atque
298 4037 549 4124 differentiam
583 4042 773 4148 quandam
811 4043 1045 4154 producere,
1092 4064 1160 4120 me
1209 4065 1287 4156 non
1338 4068 1429 4128 mo-

156 4190 280 4256 nente
309 4189 462 4278 quoque
491 4164 599 4253 lacile
630 4167 864 4280 perspicitur.
931 4167 1018 4258 Noa
1050 4159 1165 4264 fluida
1199 4169 1322 4258 nostra
1353 4171 1427 4279 spi.

159 4295 304 4383 rituosa
333 4291 547 4379 ebullitioni
591 4281 838 4406 exposuimus
858 4283 1062 4401 ‚'notunte
1104 4296 1325 4383 barometro
1369 4311 1425 4386 28

161 4424 323 4538 pollicer
351 4422 458 4538 penis
484 4422 576 4532 regii
607 4423 840 4537 parifiensas,
871 4444 937 4509 aut
965 4450 1080 4538 quam
1113 4427 1311 4536 proxime.

754 4549 842 4660 Yy
877 4575 903 4632 2
1306 4551 1428 4638 Deni·
1590 4615 1594 4626 .
