4175 5642
710 476 774 600 ⁵⁶.
997 503 1010 524 ·
1143 471 1263 596 atet
1291 469 1312 576 t
1343 490 1373 557 0
1401 465 1569 602 taeta
1739 529 1744 536 ·

707 694 931 782 attentione
962 711 1001 788 et
1027 691 1202 808 indagine
1232 694 1454 806 digniliimt.
1543 690 1638 800 Non
1680 691 1793 804 igino
1831 687 1979 781 minu·

699 822 803 914 ¹dum
838 823 925 930 est,
958 823 1062 908 vitos
1092 826 1259 908 summos
1295 827 1471 934 indagare
1509 821 1701 906 eiusmodi
1740 820 1977 930 phaenome-

709 975 759 1034 na
791 949 994 1056 studuiffe,
1035 975 1130 1062 quos
1160 954 1260 1036 iuter
1291 977 1446 1060 magnus,
1475 950 1679 1034 Numanus
1717 951 1863 1058 primus
1888 950 1978 1034 ⁴scu.

707 1073 788 1160 lam
821 1079 1020 1192 ¹graduum
1070 1078 1206 1164 caloris
1252 1097 1295 1164 et
1339 1079 1486 1186 frigoris
1525 1076 1567 1158 in
1615 1075 1727 1162 Adia
1752 1070 1980 1166 -Societatie
2067 1169 2070 1176 ,

706 1202 852 1312 Regiae
885 1201 1129 1293 londinensis
1160 1200 1444 1316 meuse'Aptili
1483 1222 1621 1307 1791.
1655 1203 1714 1290 Ν.
1753 1221 1858 1302 270·
1902 1228 1978 1312 pu-

704 1327 876 1416 blicauit.
940 1332 1049 1417 Facit
1078 1333 1266 1428 eiunnodi
1294 1333 1487 1443 indagatio
1501 1333 1549 1417 ad
1566 1345 1743 1417 naturam
1769 1351 1980 1438 corporum

705 1454 911 1542 fluidorum
944 1478 985 1544 et
1017 1459 1219 1546 firmorum
1251 1461 1540 1570 detegendam,
1570 1477 1629 1558 ,et
1676 1460 1725 1542 ad
1767 1453 1981 1562 diuersos,

704 1581 747 1666 iu
780 1583 929 1694 diuerso
957 1588 1212 1694 corporibus,
1261 1588 1413 1672 effecius
1444 1586 1577 1671 caloris
1604 1603 1644 1668 et
1685 1583 1779 1694 ignit
1808 1605 1982 1692 ‚cogno-

703 1709 891 1810 scendoa,
927 1711 993 1822 qui
1028 1712 1138 1821 fiepe
1166 1711 1251 1796 suut
1280 1714 1459 1801 mirandi.
1488 1765 1495 1777 ,
1538 1705 1719 1820 Corpora
1760 1708 1883 1793 modo
1912 1711 1979 1794 ad·

704 1835 919 1950 parentio
947 1839 1075 1923 forma
1106 1838 1342 1948 fluidorum,
1375 1843 1497 1955 modu
1527 1837 1570 1922 in
1601 1836 1740 1938 formu.
1756 1837 1983 1950 solidorum,-

704 1963 768 2074 qui
802 1961 946 2076 duplet
977 1989 1187 2077 corporum
1216 1965 1342 2054 statue,
1372 1964 1484 2052 lolius
1518 1965 1653 2052 calonia
1696 1983 1738 2066 et
1781 1963 1900 2072 ignis·
1922 1965 1984 2051 eil

704 2089 893 2206 effectum
925 2093 985 2179 vti
1016 2119 1166 2207 quoquc
1204 2093 1329 2181 forma
1374 2119 1598 2207 vaporum,
1638 2094 1679 2178 in
1708 2111 1809 2205 quus
1842 2091 1985 2201 nemini

616 2287 625 2296 .
703 2213 851 2330 saepius
881 2244 1043 2332 corpora
1085 2224 1239 2336 solent,
1288 2227 1495 2335 praecipue
1531 2225 1573 2308 in
1609 2247 1745 2321 cotum
1784 2217 1990 2304 ebullitio.

705 2367 787 2450 ne,
835 2346 910 2431 huc
942 2350 996 2434 est
1027 2347 1234 2437 reserenda.
1265 2384 1269 2391 ·
1298 2351 1402 2460 Hinc
1432 2351 1617 2463 sequitur„
1665 2369 1829 2457 corpora
1862 2347 1985 2432 fluide

704 2467 790 2556 solo
818 2476 959 2587 frigore
989 2476 1032 2559 in
1049 2501 1199 2589 ..corpus
1226 2476 1389 2564 firmum
1423 2480 1632 2590 abeuntia,
1663 2478 1827 2587 glaciem
1856 2497 1986 2584 quan·

705 2598 824 2704 dam,
860 2627 953 2714 quae
992 2627 1069 2713 pro
1084 2606 1294 2692 diuerfitate
1320 2631 1529 2715 corporum
1559 2609 1697 2705 diutule
1725 2602 1809 2708 est,
1839 2600 1987 2684 consti·

606 2736 609 2750 '
706 2741 838 2835 tuere,
864 2729 1060 2834 etstatutn
1090 2733 1282 2821 fluiditatis
1310 2759 1334 2814 a
1362 2752 1468 2816 cetto
1493 2734 1631 2818 caloris
1656 2732 1779 2839 gradu
1809 2727 1988 2837 pendeo-r

706 2867 822 2962 tem,
853 2856 905 2938 nil
928 2855 1006 2946 'ulfi
1038 2858 1199 2965 glaciem
1231 2861 1309 2941 effe
1340 2857 1480 2962 sulam,
1513 2861 1570 2940 uti
1600 2859 1654 2942 est
1684 2879 1792 2963 aqua.
1843 2855 1985 2968 Quum

707 2978 823 3086 igitur
868 2977 1029 3062 fluiditas
1069 2998 1110 3064 et
1160 2979 1321 3066 firmitus
1350 2982 1579 3068 constituant
1609 3000 1759 3064 tantum
1792 2979 1986 3074 diuetsum

707 3105 819 3186 nnius
865 3105 1107 3213 eiusdemque
1155 3111 1328 3219 corporis
1376 3109 1548 3214 statum,
1601 3105 1842 3192 manifestum
1891 3107 1985 3202 est,

708 3227 811 3312 hunc
860 3231 1049 3342 duplicem
1105 3235 1240 3320 ilatum
1274 3240 1322 3320 ad
1353 3235 1557 3321 clientiulia
1586 3235 1758 3345 corporis
1790 3257 1869 3316 non
1899 3229 1985 3320 eise

709 3355 984 3470 referendum,
1012 3359 1074 3446 sed
1104 3364 1152 3446 ad
1183 3387 1293 3446 extra
1324 3362 1530 3448 clientiulia
1559 3383 1600 3446 et
1630 3362 1835 3446 accidentia
1853 3417 1880 3470 ,-
1914 3363 1989 3448 seu

709 3485 885 3592 modos,
928 3488 1025 3574 dum
1076 3490 1262 3576 eiusmodi
1312 3494 1571 3581 commutatio
1621 3490 1730 3574 llutos
1773 3488 1842 3573 soli
1872 3489 1988 3574 calo-

707 3609 770 3715 ri,
819 3637 966 3726 nempe
998 3615 1064 3702 vel
1093 3618 1173 3702 eius
1201 3639 1443 3730 augmento,
1490 3618 1554 3704 nel
1583 3617 1863 3721 decremento,
1907 3617 1989 3701 de-

706 3737 851 3823 beatur.
946 3737 1042 3827 Non
1093 3746 1200 3830 enim
1252 3745 1543 3833 existimandum
1594 3745 1681 3847 est,
1725 3741 1891 3826 calorem
1941 3763 1988 3828 et

548 3867 556 3877 '
603 3959 616 3970 ,
708 3863 824 3972 frigus
853 3865 926 3951 else
959 3890 1016 3952 tea
1046 3867 1105 3954 sua
1138 3889 1265 3959 natura
1297 3873 1491 3977 diuersas,
1541 3873 1631 3957 licet
1662 3869 1813 3955 diuctfis
1845 3871 1985 3954 nomi·

707 3991 847 4104 nibus,
880 3995 996 4102 iisque
1028 3997 1218 4110 pofitiuis,
1247 4003 1295 4086 ad
1328 4001 1391 4086 illa
1424 4002 1647 4112 designanda
1679 3998 1739 4082 nti
1769 3996 1987 4082 consueue-

706 4118 839 4204 n'tnus.
910 4120 1042 4230 Frigus
1088 4125 1193 4210 enim
1244 4128 1318 4213 iola
1347 4130 1518 4239 priuatio
1538 4150 1576 4211 et
1607 4123 1815 4213 diminutio
1844 4123 1989 4208 caloris
2069 4126 2070 4141 '

707 4245 783 4355 eil,
815 4265 854 4332 et
885 4248 1036 4366 quando
1065 4252 1106 4338 in
1137 4253 1425 4378 thermumettis
1440 4258 1664 4370 quibusdam¹
1677 4253 1861 4341 terminus
1879 4253 1987 4338 iuter
2068 4322 2069 4329 a

1804 4379 1984 4466 calorem
2068 4380 2069 4413 ³
