4175 5642
426 612 430 621 ·
537 535 1062 670 ancoram
1336 585 1430 688 aas

176 745 376 884 meridiana
415 795 571 886 hiemali
618 820 798 914 tempore
841 799 1030 916 obseruata
1063 801 1137 886 ob
1166 795 1433 890 relradliouum

175 919 438 1009 ticiffitndines
467 929 622 1012 minutis
654 930 796 1038 aliquot
825 905 986 1012 iracundis
1018 929 1143 1012 maior
1171 926 1290 1010 adhuc
1324 926 1431 1013 llatui
1504 999 1507 1006 ,

173 1049 313 1156 pollet.
376 1049 443 1136 Ex
474 1077 551 1161 quo
580 1053 802 1161 colligitur,
830 1055 931 1163 quod
964 1053 1178 1137 altitudines
1208 1051 1434 1136 meridianae

173 1171 300 1259 llellae
332 1175 473 1262 Polnrie
505 1178 596 1262 infra
644 1179 837 1267 Polnma
882 1181 1047 1268 Picardn
1078 1179 1320 1284 observatae,
1352 1200 1431 1260 non
1601 1171 1604 1176 ’

170 1321 290 1409 aeque
315 1322 526 1412 congruant
555 1303 653 1392 inter
683 1306 732 1410 se,
763 1331 807 1394 ac
836 1305 1048 1393 altitudines
1078 1307 1304 1392 meridianae
1322 1301 1431 1414 supra

168 1421 306 1510 Polum
336 1450 483 1540 captae.
560 1427 664 1518 Cum
698 1455 796 1515 reto
842 1432 881 1514 in
932 1432 1187 1542 intrestiganda
1235 1431 1434 1534 altitudine

164 1553 378 1638 meridiana
410 1554 575 1641 inferiori
606 1558 730 1643 stellae
760 1557 903 1646 Polatis
938 1559 1041 1643 alteri
1091 1555 1334 1671 praeferenda
1380 1555 1431 1638 ad

160 1677 333 1764 nollrum
364 1683 521 1793 scopum
554 1703 752 1768 momenta
784 1686 961 1770 maxima
994 1684 1114 1796 pnfita
1143 1687 1215 1770 sint
1232 1746 1245 1780 ‚
1264 1701 1430 1768 :notan-

158 1801 256 1902 dum
287 1807 358 1914 eli,
372 1808 450 1894 iam
483 1808 591 1920 supra
623 1810 697 1895 elle
724 1811 1049 1922 demonstratum,
1079 1811 1329 1922 posteriorem
1348 1810 1432 1894 alti'·

156 1929 334 2016 tudinem
366 1934 618 2027 meridianam
650 1937 882 2051 superiorem
915 1935 1055 2023 Polatis
1085 1937 1210 2023 {ledae
1242 1936 1365 2048 priori
1383 1936 1431 2022 ad

156 2055 339 2147 amuffian
369 2065 571 2147 conuenire
597 2127 612 2169 ,
639 2061 854 2150 distantiam
887 2083 1022 2152 eontra
1052 2082 1303 2177 apparentem
1323 2061 1430 2145 huius

153 2180 289 2267 stellae
315 2211 339 2271 a
369 2185 480 2296 Polo,
494 2215 547 2276 ex
578 2184 734 2280 Picardi
763 2190 959 2276 obscuratis
990 2191 1205 2275 concinam
1236 2189 1315 2293 δ”,
1332 2185 1429 2270 iusto

153 2309 348 2398 maiorem
379 2313 482 2399 effe:
514 2315 612 2402 haec
640 2340 770 2404 antem
799 2315 1011 2401 differentia
1042 2317 1181 2417 oritur,
1212 2336 1298 2400 eam
1317 2309 1429 2398 adhi-

148 2431 285 2548 bendo
310 2437 549 2529 altitudinem
582 2446 828 2526 meridianam
859 2437 987 2518 stellae
1016 2433 1159 2516 Polaris
1187 2431 1425 2536 inferiorem,

146 2584 254 2670 qnae
283 2565 382 2648 circa
422 2564 541 2648 finem
572 2562 662 2645 anni
695 2565 809 2662 1671
845 2557 1073 2670 Vranibnrgi
1104 2555 1295 2642 obseruata
1327 2557 1428 2668 suin,

147 2709 212 2771 ex
243 2711 323 2798 qno
351 2688 488 2774 inferre
518 2687 635 2791 licet,
666 2686 908 2771 altitudinem
941 2686 1047 2770 illam
1081 2685 1331 2769 meridianam
1363 2687 1423 2768 in·

145 2811 334 2899 seriorem
368 2813 507 2900 Polaris
536 2811 661 2898 llellae
701 2810 798 2896 iulio
829 2815 1024 2898 minorem
1058 2809 1159 2916 else,
1175 2813 1324 2896 ratione
1341 2811 1426 2898 alti·

146 2941 333 3024 tudinum
367 2938 660 3024 meridianarum
694 2937 804 3024 huins
833 2938 955 3023 stellae
984 2940 1093 3050 snpra
1123 2934 1258 3021 Polum
1298 2938 1425 3023 obier-

148 3085 348 3150 ratarum.
412 3064 544 3152 Restat
561 3061 687 3176 igitur,
704 3065 972 3168 studeamus,
988 3089 1173 3173 quaenam
1191 3063 1236 3148 srt
1251 3063 1424 3150 dillantia

34 3279 39 3290 ,
143 3215 344 3304 apparens
374 3187 513 3277 Polaris
543 3184 668 3275 llellae
699 3215 720 3272 a
753 3191 860 3292 Polo,
896 3210 993 3300 quae
1025 3213 1075 3272 ex
1092 3191 1288 3272 altitudine
1306 3193 1423 3275 meri·

143 3319 263 3402 diana
296 3315 405 3402 huius
434 3313 557 3400 llellae
589 3317 653 3408 sub
684 3312 801 3400 finem
834 3313 971 3398 mensu
1001 3315 1145 3420 Aprilis
1200 3322 1314 3416 1672
1362 3319 1427 3402 in·

140 3443 209 3527 lia
240 3443 376 3528 Polum
405 3440 595 3527 oblemata
624 3441 720 3523 fluit.
783 3437 1028 3524 Ostendimus
1067 3439 1142 3521 iam
1169 3437 1302 3546 supra,
1331 3443 1428 3524 alti-·

141 3569 333 3654 tudinem
361 3567 504 3654 hancce
535 3569 781 3654 meridianam
813 3584 1059 3676 apparentem
1093 3563 1254 3675 praecise
1289 3566 1335 3649 ad
1373 3561 1423 3652 fi·

140 3696 369 3782 nemausi
405 3683 763 3800 immaduerant
809 3692 881 3776 elle
933 3707 1025 3795 53⁰.
1047 3689 1261 3778 28'.1n“
1285 3716 1298 3802 ;
1345 3711 1420 3803 qua

140 3823 313 3931 dempta
341 3822 389 3908 ab
419 3821 611 3906 altitudine
644 3818 850 3906 meridiana
883 3821 1118 3928 apparenti,
1149 3821 1287 3904 eodem
1318 3840 1421 3902 tem

140 3974 251 4060 pote
285 3947 391 4092 snpra
425 3949 559 4036 Polum
596 3946 787 4035 obsenata
841 3931 1415 4050 531222452oefiduum

140 4059 319 4178 etit4⁰.
341 4070 432 4180 54'.
452 4074 548 4182 ις’)
549 4075 744 4182 ,adeoque
761 4073 873 4160 huius
902 4071 1136 4180 dimidium,
1167 4071 1240 4155 fine
1279 4073 1420 4157 distan-

141 4201 210 4287 tia
241 4227 424 4328 apparent
454 4199 595 4288 Polaais
625 4198 748 4289 llellae
778 4195 998 4288 aPolna‘t
1016 4206 1107 4304 27.
1112 4199 1216 4301 ιιιζ
1185 4191 1233 4246 ¹''
1237 4191 1419 4288 .·Deter

140 4327 391 4416 minauimus
436 4329 542 4442 supra
579 4324 695 4414 huius
734 4325 859 4414 llellae
901 4327 1116 4418 distantiam
1167 4344 1417 4440 apparentem

139 4453 309 4540 aPolo
338 4481 390 4541 ex
420 4453 555 4541 nostris
584 4455 902 4547 obseruationibus
930 4455 980 4541 ad
1012 4449 1226 4563 praefatum
1263 4473 1418 4562 tempus

218 4583 344 4668 Tum.
352 4580 467 4670 Vlll
475 4583 585 4673 Nou.
592 4576 756 4667 Comm.
974 4581 1057 4700 Qq
1078 4605 1104 4692 q
1352 4599 1412 4658 2⁰.
