4175 5642
681 389 711 486 a
1080 364 1198 502 »aa
1228 387 1245 492 t
1274 390 1355 522 02>
1385 387 1503 498 se·

678 615 824 726 teuit,
852 637 931 704 nou
962 629 1044 704 tam
1079 613 1245 731 ipsorum
1279 619 1544 730 parcitatem,
1591 631 1704 732 quant
1750 617 1946 708 ratiouent
2043 669 2047 675 ·

680 767 876 857 mutuam,
907 770 1005 860 quae
1035 747 1164 860 ntique
1195 747 1249 832 eli
1278 745 1420 855 finita,
1449 745 1705 834 cuullderati:
1737 767 1779 835 et
1807 773 1948 863 quem-

678 880 891 968 admodum
922 875 1146 962 huiusmodi
1175 873 1335 962 infinite
1363 900 1478 988 parua
1508 873 1781 964 Differentialia
1807 893 1946 964 socan.

680 1025 768 1119 tur,
786 1009 837 1092 ita
855 999 1046 1114 Calculus,
1077 1003 1120 1088 in
1147 1027 1285 1090 corum
1315 1005 1499 1091 relatione
1513 1005 1708 1091 sensurus
1725 987 1953 1120 occupatus,

678 1133 952 1224 Did'creutialir
965 1131 1199 1246 appellatur:
1230 1157 1354 1245 neque
1383 1132 1450 1219 hic
1479 1136 1683 1248 quicquam
1709 1135 1761 1220 de
1790 1132 1954 1223 infinite

677 1264 802 1378 paruis
832 1263 889 1350 cli
919 1261 1208 1366 metuendum,
1237 1284 1331 1348 cum
1360 1263 1495 1348 omnis
1528 1261 1692 1350 calculus
1719 1264 1764 1348 io
1807 1287 1950 1350 eorum
1989 1287 1996 1296 ·

511 1414 516 1424 ·
545 1397 554 1410 '
677 1391 894 1485 relatione.
926 1415 1020 1502 quae
1048 1387 1107 1476 eli
1133 1387 1243 1473 finita
1260 1387 1515 1498 ,absoluatun
1563 1391 1761 1478 Hadicnus
1790 1393 1952 1504 quidem

674 1519 912 1608 ruumumur
939 1515 1116 1604 indolem
1144 1539 1282 1602 earum
1297 1514 1658 1619 formidarum‚seu
1675 1517 1953 1628 Func'lionum,

676 1671 776 1760 quae
789 1643 1097 1758 Longitudincm
1110 1641 1224 1728 lunae
1250 1661 1294 1726 ct
1308 1630 1569 1731 Latimdlncin
1596 1669 1666 1756 per
1696 1665 1852 1758 tempus
1876 1669 1953 1732 ex·
2016 1691 2021 1699 ·

679 1777 901 1896 primunt-y
916 1770 993 1858 elie
1021 1769 1249 1882 cognitam3
1295 1793 1429 1854 acrum
1459 1772 1491 1858 fi
1520 1771 1687 1857 nicissint
1716 1764 1798 1885 ipsa
1825 1792 1957 1861 muta.

680 1905 741 1992 tio
773 1920 1045 1990 momentanea
1074 1901 1260 2006 daretur,
1293 1898 1441 2011 quippe
1472 1924 1588 2011 quam
1616 1922 1676 1984 ex
1720 1901 1863 1988 virinus
1890 1901 1956 1986 lu·
1988 1926 1993 1935 ·

680 2055 776 2118 uam
807 2027 1085 2116 sollicitantibus
1111 2023 1293 2138 colligere
1320 2027 1447 2131 licet,
1489 2049 1578 2114 turn
1604 2026 1780 2142 quacllio
1805 2029 1858 2114 ad
1888 2049 1955 2114 na·

523 2165 526 2170 ’
679 2176 810 2250 tutam
841 2157 997 2248 illarum
1020 2154 1283 2244 Fundliouum
1308 2154 1609 2266 iuuclligandanr
1641 2156 1856 2262 seducitur,
1886 2171 1955 2242 to·

680 2304 796 2400 taque
824 2287 937 2378 lunae
966 2283 1117 2372 theoria
1143 2283 1217 2398 epu
1243 2283 1302 2370 cli
1317 2283 1614 2395 superliniendo.
1670 2284 1750 2371 llic
1765 2287 1878 2396 igirtrr
1893 2308 1955 2372 cx

579 2523 581 2528 Ι
681 2415 902 2504 mutatione
929 2430 1222 2516 momentanea,
1232 2411 1316 2518 lcu,
1332 2432 1377 2497 ut
1393 2407 1628 2500 Geomcuac
1653 2411 1885 2524 loquuntur,
1898 2433 1955 2498 cx

680 2542 772 2630 data
803 2539 992 2630 relatione
1008 2537 1351 2650 Differentialium,
1382 2541 1532 2626 indoles
1562 2566 1605 2626 ac
1636 2559 1772 2626 natura
1791 2538 1955 2651 ipdrum

679 2669 923 2760 melonum
954 2669 1203 2758 determinari
1228 2671 1371 2780 debet,
1399 2670 1444 2756 io
1475 2693 1556 2780 quo
1573 2667 1747 2755 Calculus
1778 2667 1962 2779 integra·
2050 2671 2055 2680 ’

680 2796 728 2886 lis
741 2799 970 2884 continetur.
1000 2796 1351 2911 Quemadmodum
1368 2798 1495 2908 itaque
1510 2791 1690 2882 Calculus
1707 2781 1959 2884 Differentiass

682 2923 730 3010 lis
761 2927 876 3008 docet
906 2921 1169 3008 Fundiionum
1185 2916 1559 3026 Differentialia‚seu
1592 2922 1877 3031 potiuseornm
1893 2951 1961 3009 ra·

683 3049 870 3152 tionem,
902 3045 1156 3155 inuestigare,
1183 3045 1239 3130 ita
1271 3044 1436 3130 ricillrrn
1469 3040 1649 3132 Calculus
1679 3039 1879 3160 integralis
1904 3074 1959 3141 ex

683 3175 772 3263 data
790 3171 1119 3262 Differentialrum
1150 3174 1304 3258 ratione
1331 3172 1505 3260 indolem
1522 3173 1780 3262 unumunurn
1800 3180 1959 3266 emendi
2003 3239 2007 3244 -

685 3303 918 3394 methodum
951 3303 1080 3389 tradit.
1143 3297 1350 3414 Vtriusque
1375 3325 1475 3412 crgo
1501 3302 1588 3388 rint
1621 3304 1963 3394 itacornmodiffi·

686 3455 758 3526 me
790 3429 995 3518 describere
1024 3425 1142 3536 licet,
1170 3447 1218 3514 at
1250 3428 1280 3514 fi
1309 3452 1343 3514 a>
1371 3418 1488 3516 luerit
1527 3429 1688 3519 uunuio
1712 3455 1963 3548 quaecuuque

522 3591 536 3668 Ι;
687 3574 982 3686 quantitasne,
1015 3553 1062 3657 ac
1093 3589 1261 3683 ponatur
1276 3569 1601 3664 Differentialium
1634 3575 1735 3663 ratio
1762 3544 1888 3688 ῥέζε
1898 3595 1971 3692 p,

687 3697 868 3812 Calculus
882 3696 1157 3788 Differentialis
1182 3690 1413 3786 methodum
1431 3699 1694 3815 exhibeat‚ex
1710 3703 1841 3791 indole
1858 3705 1969 3820 Fun·

688 3827 831 3916 &ionis
860 3853 891 3916 e
927 3825 1036 3940 hanc
1065 3820 1387 3938 Differentialiutn
1428 3828 1618 3913 ationem
1647 3845 1679 3944 p
1705 3829 1920 3945 definiendi
1947 3854 1965 3943 3

688 3975 827 4044 contra
859 3972 989 4042 autem
1008 3946 1156 4038 Calculi
1186 3950 1385 4068 Integralis
1414 3975 1553 4042 munus
1582 3954 1651 4063 fit,
1683 3981 1738 4044 cx
1766 3961 1855 4048 data
1886 3957 1965 4044 hac

689 4084 838 4188 cadom
859 4099 927 4202 p,
954 4083 1014 4192 lau
1040 4080 1121 4166 tius
1147 4077 1338 4168 nutum.
1359 4085 1407 4170 ad
1439 4081 1533 4196 ipsas
1564 4085 1789 4196 quantitates
1815 4096 1838 4172 t
1866 4101 1970 4199 ctu,

691 4210 864 4300 indolem
895 4207 1119 4300 uenerari·
1145 4229 1178 4296 a
1203 4227 1350 4298 eruere.
1381 4205 1586 4301 Scilicctli
1617 4213 1714 4298 iuter
1743 4212 1813 4300 urs
1840 4236 1969 4326 quans

646 4333 651 4340 ’
690 4337 821 4430 liutet
840 4355 907 4462 p,
931 4351 985 4450 1,,
1011 4351 1052 4426 ct
1079 4359 1110 4429 u
1134 4338 1312 4454 aeqttado
1336 4363 1584 4458 qracccurque
1610 4358 1968 4460 propouanr,ro-

1870 4484 1965 4556 iim
