<?xml version="1.0" encoding="UTF-8"?>
<!DOCTYPE html PUBLIC "-//W3C//DTD XHTML 1.0 Transitional//EN"
    "http://www.w3.org/TR/xhtml1/DTD/xhtml1-transitional.dtd">
<html xmlns="http://www.w3.org/1999/xhtml" xml:lang="en" lang="en">
 <head>
  <title>
</title>
<meta http-equiv="Content-Type" content="text/html;charset=utf-8" />
  <meta name='ocr-system' content='tesseract 3.04.00' />
  <meta name='ocr-capabilities' content='ocr_page ocr_carea ocr_par ocr_line ocrx_word'/>
</head>
<body>
  <div class='ocr_page' id='page_1' title='image "./novicommentarii06sssrgoog/novicommentarii06sssrgoog_0040.png"; bbox 0 0 4175 5642; ppageno 0'>
   <div class='ocr_carea' id='block_1_1' title="bbox 486 519 1552 694">
    <p class='ocr_par' dir='ltr' id='par_1_1' title="bbox 486 519 1552 694">
     <span class='ocr_line' id='line_1_1' title="bbox 486 519 1552 694; baseline -0.004 -16"><span class='ocrx_word' id='word_1_1' title='bbox 486 519 495 590; x_wconf 72' lang='lat'><em>³</em></span> <span class='ocrx_word' id='word_1_2' title='bbox 545 547 670 684; x_wconf 48' lang='lat' dir='ltr'>&amp;eid</span> <span class='ocrx_word' id='word_1_3' title='bbox 699 563 713 686; x_wconf 87' lang='lat' dir='ltr'>i</span> <span class='ocrx_word' id='word_1_4' title='bbox 747 567 970 682; x_wconf 61' lang='lat' dir='ltr'>otua-</span> <span class='ocrx_word' id='word_1_5' title='bbox 1333 586 1394 676; x_wconf 88' lang='lat' dir='ltr'>ar</span> <span class='ocrx_word' id='word_1_6' title='bbox 1531 653 1552 694; x_wconf 78' lang='grc'><em>,</em></span> 
     </span>
    </p>
   </div>
   <div class='ocr_carea' id='block_1_2' title="bbox 100 785 1444 4458">
    <p class='ocr_par' dir='ltr' id='par_1_2' title="bbox 100 785 1444 4458">
     <span class='ocr_line' id='line_1_2' title="bbox 138 785 1398 908; baseline 0.003 -30"><span class='ocrx_word' id='word_1_7' title='bbox 138 789 178 879; x_wconf 91' lang='lat' dir='ltr'>in</span> <span class='ocrx_word' id='word_1_8' title='bbox 195 786 438 906; x_wconf 81' lang='lat' dir='ltr'>nauigatione</span> <span class='ocrx_word' id='word_1_9' title='bbox 461 792 654 897; x_wconf 77' lang='lat' dir='ltr'>cernitar,</span> <span class='ocrx_word' id='word_1_10' title='bbox 684 791 776 882; x_wconf 85' lang='lat' dir='ltr'>dmr</span> <span class='ocrx_word' id='word_1_11' title='bbox 810 797 903 882; x_wconf 86' lang='lat' dir='ltr'>aliae</span> <span class='ocrx_word' id='word_1_12' title='bbox 936 815 1044 882; x_wconf 77' lang='lat' dir='ltr'>naues</span> <span class='ocrx_word' id='word_1_13' title='bbox 1073 787 1317 908; x_wconf 74' lang='lat' dir='ltr'>prodiderit</span> <span class='ocrx_word' id='word_1_14' title='bbox 1347 785 1398 882; x_wconf 73' lang='lat' dir='ltr'>fl·</span> 
     </span>
     <span class='ocr_line' id='line_1_3' title="bbox 135 919 1397 1034; baseline 0.003 -30"><span class='ocrx_word' id='word_1_15' title='bbox 135 947 229 1032; x_wconf 80' lang='lat' dir='ltr'>gnra</span> <span class='ocrx_word' id='word_1_16' title='bbox 260 921 342 1008; x_wconf 81' lang='lat' dir='ltr'>aliie</span> <span class='ocrx_word' id='word_1_17' title='bbox 370 919 497 1012; x_wconf 85' lang='lat' dir='ltr'>multo</span> <span class='ocrx_word' id='word_1_18' title='bbox 527 923 698 1034; x_wconf 74' lang='lat' dir='ltr'>aptiores</span> <span class='ocrx_word' id='word_1_19' title='bbox 726 922 1055 1034; x_wconf 87' lang='lat' dir='ltr'>deprehenduntur</span> <span class='ocrx_word' id='word_1_20' title='bbox 1084 921 1132 1008; x_wconf 89' lang='lat' dir='ltr'>ad</span> <span class='ocrx_word' id='word_1_21' title='bbox 1149 919 1397 1009; x_wconf 74' lang='lat' dir='ltr'>resilientium</span> 
     </span>
     <span class='ocr_line' id='line_1_4' title="bbox 137 1045 1401 1161; baseline -0.002 -27"><span class='ocrx_word' id='word_1_22' title='bbox 137 1047 413 1161; x_wconf 79' lang='lat' dir='ltr'>superandam,</span> <span class='ocrx_word' id='word_1_23' title='bbox 443 1069 499 1132; x_wconf 77' lang='lat' dir='ltr'>ex</span> <span class='ocrx_word' id='word_1_24' title='bbox 530 1074 609 1160; x_wconf 91' lang='lat' dir='ltr'>quo</span> <span class='ocrx_word' id='word_1_25' title='bbox 642 1067 726 1134; x_wconf 87' lang='lat' dir='ltr'>nata</span> <span class='ocrx_word' id='word_1_26' title='bbox 757 1051 812 1135; x_wconf 85' lang='lat' dir='ltr'>est</span> <span class='ocrx_word' id='word_1_27' title='bbox 844 1049 1011 1160; x_wconf 85' lang='lat' dir='ltr'>quaestio</span> <span class='ocrx_word' id='word_1_28' title='bbox 1044 1049 1250 1158; x_wconf 88' lang='lat' dir='ltr'>plurimum</span> <span class='ocrx_word' id='word_1_29' title='bbox 1281 1045 1401 1158; x_wconf 77' lang='lat' dir='ltr'>agita·</span> 
     </span>
     <span class='ocr_line' id='line_1_5' title="bbox 136 1171 1401 1289; baseline -0.001 -31"><span class='ocrx_word' id='word_1_30' title='bbox 136 1193 214 1282; x_wconf 86' lang='lat' dir='ltr'>tr,</span> <span class='ocrx_word' id='word_1_31' title='bbox 246 1173 457 1272; x_wconf 79' lang='lat' dir='ltr'>cuirumodi</span> <span class='ocrx_word' id='word_1_32' title='bbox 482 1172 643 1289; x_wconf 76' lang='lat' dir='ltr'>figuram</span> <span class='ocrx_word' id='word_1_33' title='bbox 675 1177 763 1262; x_wconf 88' lang='lat' dir='ltr'>naui</span> <span class='ocrx_word' id='word_1_34' title='bbox 795 1177 907 1264; x_wconf 92' lang='lat' dir='ltr'>tribui</span> <span class='ocrx_word' id='word_1_35' title='bbox 936 1177 1170 1278; x_wconf 79' lang='lat' dir='ltr'>conueniat,</span> <span class='ocrx_word' id='word_1_36' title='bbox 1200 1193 1246 1262; x_wconf 83' lang='lat' dir='ltr'>ut</span> <span class='ocrx_word' id='word_1_37' title='bbox 1276 1171 1401 1260; x_wconf 87' lang='lat' dir='ltr'>mini·</span> 
     </span>
     <span class='ocr_line' id='line_1_6' title="bbox 133 1299 1397 1418; baseline 0 -33"><span class='ocrx_word' id='word_1_38' title='bbox 133 1323 246 1387; x_wconf 88' lang='lat' dir='ltr'>mam</span> <span class='ocrx_word' id='word_1_39' title='bbox 275 1299 515 1392; x_wconf 85' lang='lat' dir='ltr'>reiiiieutiam</span> <span class='ocrx_word' id='word_1_40' title='bbox 544 1303 722 1418; x_wconf 88' lang='lat' dir='ltr'>patiatur.</span> <span class='ocrx_word' id='word_1_41' title='bbox 796 1305 906 1416; x_wconf 87' lang='lat' dir='ltr'>Quae</span> <span class='ocrx_word' id='word_1_42' title='bbox 934 1303 1208 1416; x_wconf 88' lang='lat' dir='ltr'>phaenomena</span> <span class='ocrx_word' id='word_1_43' title='bbox 1238 1319 1284 1387; x_wconf 86' lang='lat' dir='ltr'>rt</span> <span class='ocrx_word' id='word_1_44' title='bbox 1325 1319 1397 1385; x_wconf 83' lang='lat' dir='ltr'>ex·</span> 
     </span>
     <span class='ocr_line' id='line_1_7' title="bbox 128 1425 1400 1544; baseline 0.002 -32"><span class='ocrx_word' id='word_1_45' title='bbox 128 1428 354 1540; x_wconf 82' lang='lat' dir='ltr'>plicarent,</span> <span class='ocrx_word' id='word_1_46' title='bbox 400 1447 515 1540; x_wconf 85' lang='lat' dir='ltr'>atque</span> <span class='ocrx_word' id='word_1_47' title='bbox 543 1430 749 1516; x_wconf 75' lang='lat' dir='ltr'>accuratius</span> <span class='ocrx_word' id='word_1_48' title='bbox 778 1431 1016 1544; x_wconf 80' lang='lat' dir='ltr'>explorarent</span> <span class='ocrx_word' id='word_1_49' title='bbox 1046 1425 1286 1518; x_wconf 88' lang='lat' dir='ltr'>Geometrae</span> <span class='ocrx_word' id='word_1_50' title='bbox 1308 1492 1322 1534; x_wconf 94' lang='lat'>,</span> <span class='ocrx_word' id='word_1_51' title='bbox 1343 1426 1400 1514; x_wconf 77' lang='lat' dir='ltr'>ad</span> 
     </span>
     <span class='ocr_line' id='line_1_8' title="bbox 133 1553 1406 1667; baseline -0.002 -26"><span class='ocrx_word' id='word_1_52' title='bbox 133 1573 268 1644; x_wconf 86' lang='lat' dir='ltr'>motus</span> <span class='ocrx_word' id='word_1_53' title='bbox 294 1555 487 1666; x_wconf 82' lang='lat' dir='ltr'>principia</span> <span class='ocrx_word' id='word_1_54' title='bbox 517 1553 789 1666; x_wconf 81' lang='lat' dir='ltr'>confugerunt,</span> <span class='ocrx_word' id='word_1_55' title='bbox 820 1559 979 1667; x_wconf 83' lang='lat' dir='ltr'>indeque</span> <span class='ocrx_word' id='word_1_56' title='bbox 1010 1579 1083 1667; x_wconf 90' lang='lat' dir='ltr'>per</span> <span class='ocrx_word' id='word_1_57' title='bbox 1111 1555 1300 1642; x_wconf 89' lang='lat' dir='ltr'>calculum</span> <span class='ocrx_word' id='word_1_58' title='bbox 1335 1553 1406 1638; x_wconf 86' lang='lat' dir='ltr'>de·</span> 
     </span>
     <span class='ocr_line' id='line_1_9' title="bbox 133 1677 1404 1798; baseline 0 -31"><span class='ocrx_word' id='word_1_59' title='bbox 133 1681 253 1768; x_wconf 82' lang='lat' dir='ltr'>finire</span> <span class='ocrx_word' id='word_1_60' title='bbox 303 1682 387 1766; x_wconf 85' lang='lat' dir='ltr'>suut</span> <span class='ocrx_word' id='word_1_61' title='bbox 432 1683 589 1788; x_wconf 89' lang='lat' dir='ltr'>conati,</span> <span class='ocrx_word' id='word_1_62' title='bbox 638 1700 772 1798; x_wconf 89' lang='lat' dir='ltr'>quanta</span> <span class='ocrx_word' id='word_1_63' title='bbox 823 1684 955 1796; x_wconf 82' lang='lat' dir='ltr'>quouis</span> <span class='ocrx_word' id='word_1_64' title='bbox 986 1680 1069 1766; x_wconf 88' lang='lat' dir='ltr'>casu</span> <span class='ocrx_word' id='word_1_65' title='bbox 1101 1680 1297 1768; x_wconf 79' lang='lat' dir='ltr'>resistentia</span> <span class='ocrx_word' id='word_1_66' title='bbox 1329 1677 1404 1767; x_wconf 81' lang='lat' dir='ltr'>eut</span> 
     </span>
     <span class='ocr_line' id='line_1_10' title="bbox 132 1802 1405 1924; baseline -0.003 -30"><span class='ocrx_word' id='word_1_67' title='bbox 132 1809 306 1910; x_wconf 86' lang='lat' dir='ltr'>debeat,</span> <span class='ocrx_word' id='word_1_68' title='bbox 349 1831 440 1893; x_wconf 87' lang='lat' dir='ltr'>curu</span> <span class='ocrx_word' id='word_1_69' title='bbox 485 1802 635 1895; x_wconf 76' lang='lat' dir='ltr'>ratione</span> <span class='ocrx_word' id='word_1_70' title='bbox 656 1809 868 1924; x_wconf 80' lang='lat' dir='ltr'>celeritatis</span> <span class='ocrx_word' id='word_1_71' title='bbox 893 1867 906 1900; x_wconf 85' lang='grc'><strong>.</strong></span> <span class='ocrx_word' id='word_1_72' title='bbox 934 1831 1007 1919; x_wconf 90' lang='lat' dir='ltr'>qua</span> <span class='ocrx_word' id='word_1_73' title='bbox 1036 1831 1183 1919; x_wconf 84' lang='lat' dir='ltr'>corpus</span> <span class='ocrx_word' id='word_1_74' title='bbox 1212 1803 1251 1889; x_wconf 92' lang='lat' dir='ltr'>in</span> <span class='ocrx_word' id='word_1_75' title='bbox 1283 1803 1405 1890; x_wconf 86' lang='lat' dir='ltr'>fluido</span> 
     </span>
     <span class='ocr_line' id='line_1_11' title="bbox 130 1925 1404 2050; baseline -0.002 -30"><span class='ocrx_word' id='word_1_76' title='bbox 130 1951 437 2048; x_wconf 88' lang='lat' dir='ltr'>promoueatnr,</span> <span class='ocrx_word' id='word_1_77' title='bbox 465 1925 566 2024; x_wconf 47' lang='lat' dir='ltr'>&#39;tum</span> <span class='ocrx_word' id='word_1_78' title='bbox 592 1950 695 2021; x_wconf 78' lang='lat' dir='ltr'>&#39;uero</span> <span class='ocrx_word' id='word_1_79' title='bbox 734 1935 883 2022; x_wconf 89' lang='lat' dir='ltr'>ratione</span> <span class='ocrx_word' id='word_1_80' title='bbox 930 1934 1013 2018; x_wconf 85' lang='lat' dir='ltr'>eius</span> <span class='ocrx_word' id='word_1_81' title='bbox 1061 1931 1241 2050; x_wconf 85' lang='lat' dir='ltr'>figurae;</span> <span class='ocrx_word' id='word_1_82' title='bbox 1287 1947 1404 2043; x_wconf 83' lang='lat' dir='ltr'>atque</span> 
     </span>
     <span class='ocr_line' id='line_1_12' title="bbox 125 2059 1405 2172; baseline -0.002 -26"><span class='ocrx_word' id='word_1_83' title='bbox 125 2065 293 2146; x_wconf 85' lang='lat' dir='ltr'>tandem</span> <span class='ocrx_word' id='word_1_84' title='bbox 328 2061 539 2150; x_wconf 73' lang='lat' dir='ltr'>vulnerum</span> <span class='ocrx_word' id='word_1_85' title='bbox 566 2059 791 2148; x_wconf 79' lang='lat' dir='ltr'>refiiieutiae</span> <span class='ocrx_word' id='word_1_86' title='bbox 807 2059 1021 2146; x_wconf 85' lang='lat' dir='ltr'>Theotiam</span> <span class='ocrx_word' id='word_1_87' title='bbox 1052 2061 1100 2145; x_wconf 94' lang='lat' dir='ltr'>ad</span> <span class='ocrx_word' id='word_1_88' title='bbox 1117 2061 1322 2172; x_wconf 81' lang='lat' dir='ltr'>duplicem</span> <span class='ocrx_word' id='word_1_89' title='bbox 1339 2081 1405 2144; x_wconf 89' lang='lat' dir='ltr'>re·</span> 
     </span>
     <span class='ocr_line' id='line_1_13' title="bbox 129 2183 1405 2301; baseline -0.003 -29"><span class='ocrx_word' id='word_1_90' title='bbox 129 2183 268 2301; x_wconf 82' lang='lat' dir='ltr'>gulam&#39;</span> <span class='ocrx_word' id='word_1_91' title='bbox 299 2183 489 2277; x_wconf 75' lang='lat' dir='ltr'>reuoeass&#39;e</span> <span class='ocrx_word' id='word_1_92' title='bbox 520 2190 601 2276; x_wconf 87' lang='lat' dir='ltr'>sunt</span> <span class='ocrx_word' id='word_1_93' title='bbox 630 2185 838 2301; x_wconf 85' lang='lat' dir='ltr'>arbitrari;</span> <span class='ocrx_word' id='word_1_94' title='bbox 885 2211 1041 2300; x_wconf 90' lang='lat' dir='ltr'>quarum</span> <span class='ocrx_word' id='word_1_95' title='bbox 1071 2184 1186 2271; x_wconf 90' lang='lat' dir='ltr'>altera</span> <span class='ocrx_word' id='word_1_96' title='bbox 1218 2189 1265 2272; x_wconf 91' lang='lat' dir='ltr'>ad</span> <span class='ocrx_word' id='word_1_97' title='bbox 1309 2207 1405 2269; x_wconf 89' lang='lat' dir='ltr'>mo·</span> 
     </span>
     <span class='ocr_line' id='line_1_14' title="bbox 137 2311 1405 2441; baseline -0.002 -42"><span class='ocrx_word' id='word_1_98' title='bbox 137 2335 232 2401; x_wconf 89' lang='lat' dir='ltr'>tum·</span> <span class='ocrx_word' id='word_1_99' title='bbox 251 2316 439 2402; x_wconf 78' lang='lat' dir='ltr'>diretiurn</span> <span class='ocrx_word' id='word_1_100' title='bbox 474 2321 654 2441; x_wconf 76' lang='lat' dir='ltr'>pertinet,</span> <span class='ocrx_word' id='word_1_101' title='bbox 686 2327 773 2430; x_wconf 80' lang='lat' dir='ltr'>quo·</span> <span class='ocrx_word' id='word_1_102' title='bbox 795 2314 1003 2428; x_wconf 86' lang='lat' dir='ltr'>superficies</span> <span class='ocrx_word' id='word_1_103' title='bbox 1021 2311 1129 2425; x_wconf 88' lang='lat' dir='ltr'>plana</span> <span class='ocrx_word' id='word_1_104' title='bbox 1148 2311 1405 2430; x_wconf 82' lang='lat' dir='ltr'>perpendicu-</span> 
     </span>
     <span class='ocr_line' id='line_1_15' title="bbox 135 2437 1404 2554; baseline -0.001 -27"><span class='ocrx_word' id='word_1_105' title='bbox 135 2442 263 2528; x_wconf 87' lang='lat' dir='ltr'>lariter&#39;</span> <span class='ocrx_word' id='word_1_106' title='bbox 294 2445 335 2528; x_wconf 91' lang='lat' dir='ltr'>iu</span> <span class='ocrx_word' id='word_1_107' title='bbox 366 2441 525 2533; x_wconf 89' lang='lat' dir='ltr'>fluidum</span> <span class='ocrx_word' id='word_1_108' title='bbox 559 2448 753 2540; x_wconf 86' lang='lat' dir='ltr'>occurrit,</span> <span class='ocrx_word' id='word_1_109' title='bbox 804 2469 921 2554; x_wconf 89' lang='lat' dir='ltr'>eaque</span> <span class='ocrx_word' id='word_1_110' title='bbox 950 2442 1132 2550; x_wconf 85' lang='lat' dir='ltr'>statuitur,</span> <span class='ocrx_word' id='word_1_111' title='bbox 1162 2437 1404 2526; x_wconf 85' lang='lat' dir='ltr'>refillentiatu</span> 
     </span>
     <span class='ocr_line' id='line_1_16' title="bbox 128 2565 1403 2684; baseline -0.003 -31"><span class='ocrx_word' id='word_1_112' title='bbox 128 2569 322 2681; x_wconf 83' lang='lat' dir='ltr'>quadrato</span> <span class='ocrx_word' id='word_1_113' title='bbox 354 2569 567 2660; x_wconf 75' lang='lat' dir='ltr'>&#39;celeritatis&#39;</span> <span class='ocrx_word' id='word_1_114' title='bbox 583 2575 659 2658; x_wconf 83' lang='lat' dir='ltr'>elie</span> <span class='ocrx_word' id='word_1_115' title='bbox 691 2570 1055 2684; x_wconf 78' lang='lat' dir='ltr'>proportionalem,</span> <span class='ocrx_word' id='word_1_116' title='bbox 1085 2588 1126 2653; x_wconf 94' lang='lat' dir='ltr'>et</span> <span class='ocrx_word' id='word_1_117' title='bbox 1156 2568 1289 2680; x_wconf 80' lang='lat' dir='ltr'>qumis</span> <span class='ocrx_word' id='word_1_118' title='bbox 1316 2565 1403 2650; x_wconf 83' lang='lat' dir='ltr'>casu</span> 
     </span>
     <span class='ocr_line' id='line_1_17' title="bbox 128 2689 1409 2808; baseline -0.002 -29"><span class='ocrx_word' id='word_1_119' title='bbox 128 2697 375 2808; x_wconf 88' lang='lat' dir='ltr'>aequiualere</span> <span class='ocrx_word' id='word_1_120' title='bbox 405 2701 570 2808; x_wconf 83' lang='lat' dir='ltr'>ponderi</span> <span class='ocrx_word' id='word_1_121' title='bbox 599 2699 763 2806; x_wconf 80' lang='lat' dir='ltr'>cylindri</span> <span class='ocrx_word' id='word_1_122' title='bbox 793 2697 932 2790; x_wconf 80' lang='lat' dir='ltr'>fluidi,</span> <span class='ocrx_word' id='word_1_123' title='bbox 977 2697 1081 2780; x_wconf 79' lang='lat' dir='ltr'>euius</span> <span class='ocrx_word' id='word_1_124' title='bbox 1108 2694 1204 2780; x_wconf 83' lang='lat' dir='ltr'>bafia</span> <span class='ocrx_word' id='word_1_125' title='bbox 1241 2689 1409 2802; x_wconf 81' lang='lat' dir='ltr'>aequulie</span> 
     </span>
     <span class='ocr_line' id='line_1_18' title="bbox 131 2815 1409 2928; baseline -0.007 -20"><span class='ocrx_word' id='word_1_126' title='bbox 131 2821 184 2908; x_wconf 85' lang='lat' dir='ltr'>iit</span> <span class='ocrx_word' id='word_1_127' title='bbox 217 2821 425 2928; x_wconf 83' lang='lat' dir='ltr'>superficiei</span> <span class='ocrx_word' id='word_1_128' title='bbox 449 2841 620 2927; x_wconf 90' lang='lat' dir='ltr'>motae,</span> <span class='ocrx_word' id='word_1_129' title='bbox 651 2822 813 2908; x_wconf 79' lang='lat' dir='ltr'>altitudo</span> <span class='ocrx_word' id='word_1_130' title='bbox 844 2844 942 2904; x_wconf 79' lang='lat' dir='ltr'>uero</span> <span class='ocrx_word' id='word_1_131' title='bbox 970 2845 1063 2906; x_wconf 87' lang='lat' dir='ltr'>curn</span> <span class='ocrx_word' id='word_1_132' title='bbox 1096 2819 1157 2905; x_wconf 88' lang='lat' dir='ltr'>illa</span> <span class='ocrx_word' id='word_1_133' title='bbox 1183 2815 1409 2924; x_wconf 59' lang='lat' dir='ltr'>‚contenire</span> 
     </span>
     <span class='ocr_line' id='line_1_19' title="bbox 134 2933 1406 3060; baseline -0.005 -30"><span class='ocrx_word' id='word_1_134' title='bbox 134 2933 193 3030; x_wconf 72' lang='lat' dir='ltr'>ex&#39;</span> <span class='ocrx_word' id='word_1_135' title='bbox 226 2967 299 3060; x_wconf 88' lang='lat' dir='ltr'>qua</span> <span class='ocrx_word' id='word_1_136' title='bbox 327 2970 440 3056; x_wconf 85' lang='lat' dir='ltr'>graue</span> <span class='ocrx_word' id='word_1_137' title='bbox 470 2947 641 3031; x_wconf 91' lang='lat' dir='ltr'>cadendo</span> <span class='ocrx_word' id='word_1_138' title='bbox 672 2969 759 3032; x_wconf 88' lang='lat' dir='ltr'>eam</span> <span class='ocrx_word' id='word_1_139' title='bbox 796 2943 911 3056; x_wconf 88' lang='lat' dir='ltr'>ipsam</span> <span class='ocrx_word' id='word_1_140' title='bbox 942 2945 1177 3029; x_wconf 77' lang='lat' dir='ltr'>celeritatem</span> <span class='ocrx_word' id='word_1_141' title='bbox 1210 2945 1406 3056; x_wconf 85' lang='lat' dir='ltr'>acquirat,</span> 
     </span>
     <span class='ocr_line' id='line_1_20' title="bbox 128 3068 1406 3185; baseline -0.005 -27"><span class='ocrx_word' id='word_1_142' title='bbox 128 3097 212 3185; x_wconf 87' lang='lat' dir='ltr'>qua</span> <span class='ocrx_word' id='word_1_143' title='bbox 245 3097 389 3182; x_wconf 87' lang='lat' dir='ltr'>corpus</span> <span class='ocrx_word' id='word_1_144' title='bbox 418 3071 586 3158; x_wconf 88' lang='lat' dir='ltr'>aduersus</span> <span class='ocrx_word' id='word_1_145' title='bbox 617 3071 777 3159; x_wconf 88' lang='lat' dir='ltr'>fluidum</span> <span class='ocrx_word' id='word_1_146' title='bbox 818 3091 1008 3157; x_wconf 85' lang='lat' dir='ltr'>mouetur.</span> <span class='ocrx_word' id='word_1_147' title='bbox 1087 3068 1236 3157; x_wconf 80' lang='lat' dir='ltr'>&#39;Altera</span> <span class='ocrx_word' id='word_1_148' title='bbox 1279 3068 1406 3182; x_wconf 78' lang='lat' dir='ltr'>reguli</span> 
     </span>
     <span class='ocr_line' id='line_1_21' title="bbox 134 3193 1404 3311; baseline -0.004 -23"><span class='ocrx_word' id='word_1_149' title='bbox 134 3198 190 3288; x_wconf 89' lang='lat' dir='ltr'>ad</span> <span class='ocrx_word' id='word_1_150' title='bbox 221 3217 359 3285; x_wconf 82' lang='lat' dir='ltr'>motus</span> <span class='ocrx_word' id='word_1_151' title='bbox 386 3199 567 3310; x_wconf 81' lang='lat' dir='ltr'>obliquos</span> <span class='ocrx_word' id='word_1_152' title='bbox 594 3197 774 3311; x_wconf 73' lang='lat' dir='ltr'>spectat,</span> <span class='ocrx_word' id='word_1_153' title='bbox 822 3203 974 3310; x_wconf 90' lang='lat' dir='ltr'>quando</span> <span class='ocrx_word' id='word_1_154' title='bbox 1005 3214 1137 3283; x_wconf 86' lang='lat' dir='ltr'>motue</span> <span class='ocrx_word' id='word_1_155' title='bbox 1163 3193 1325 3282; x_wconf 77' lang='lat' dir='ltr'>dirediio</span> <span class='ocrx_word' id='word_1_156' title='bbox 1352 3195 1404 3283; x_wconf 89' lang='lat' dir='ltr'>ad</span> 
     </span>
     <span class='ocr_line' id='line_1_22' title="bbox 139 3319 1407 3442; baseline -0.002 -32"><span class='ocrx_word' id='word_1_157' title='bbox 139 3323 379 3436; x_wconf 83' lang='lat' dir='ltr'>superlitiem</span> <span class='ocrx_word' id='word_1_158' title='bbox 413 3325 467 3411; x_wconf 88' lang='lat' dir='ltr'>eii</span> <span class='ocrx_word' id='word_1_159' title='bbox 498 3327 666 3436; x_wconf 90' lang='lat' dir='ltr'>obliqua,</span> <span class='ocrx_word' id='word_1_160' title='bbox 715 3347 834 3438; x_wconf 89' lang='lat' dir='ltr'>eaque</span> <span class='ocrx_word' id='word_1_161' title='bbox 864 3325 1066 3411; x_wconf 79' lang='lat' dir='ltr'>reddentia</span> <span class='ocrx_word' id='word_1_162' title='bbox 1095 3325 1280 3442; x_wconf 89' lang='lat' dir='ltr'>quadrato</span> <span class='ocrx_word' id='word_1_163' title='bbox 1308 3319 1407 3409; x_wconf 76' lang='lat' dir='ltr'>tinus</span> 
     </span>
     <span class='ocr_line' id='line_1_23' title="bbox 100 3449 1407 3568; baseline -0.005 -28"><span class='ocrx_word' id='word_1_164' title='bbox 100 3487 104 3496; x_wconf 61' lang='lat'><em>¹</em></span> <span class='ocrx_word' id='word_1_165' title='bbox 141 3451 275 3562; x_wconf 82' lang='lat' dir='ltr'>anguli</span> <span class='ocrx_word' id='word_1_166' title='bbox 285 3481 292 3524; x_wconf 89' lang='grc'>·.</span> <span class='ocrx_word' id='word_1_167' title='bbox 302 3455 535 3565; x_wconf 88' lang='lat' dir='ltr'>obliquitatis</span> <span class='ocrx_word' id='word_1_168' title='bbox 565 3455 858 3568; x_wconf 84' lang='lat' dir='ltr'>proportionalia</span> <span class='ocrx_word' id='word_1_169' title='bbox 893 3453 1073 3539; x_wconf 82' lang='lat' dir='ltr'>statuitur.</span> <span class='ocrx_word' id='word_1_170' title='bbox 1155 3449 1260 3538; x_wconf 82' lang='lat' dir='ltr'>ilinc</span> <span class='ocrx_word' id='word_1_171' title='bbox 1290 3472 1407 3560; x_wconf 84' lang='lat' dir='ltr'>quaa·</span> 
     </span>
     <span class='ocr_line' id='line_1_24' title="bbox 140 3575 1405 3695; baseline -0.007 -26"><span class='ocrx_word' id='word_1_172' title='bbox 140 3603 292 3690; x_wconf 86' lang='lat' dir='ltr'>cunque</span> <span class='ocrx_word' id='word_1_173' title='bbox 322 3579 431 3667; x_wconf 78' lang='lat' dir='ltr'>fuerit</span> <span class='ocrx_word' id='word_1_174' title='bbox 458 3583 625 3695; x_wconf 88' lang='lat' dir='ltr'>corporis</span> <span class='ocrx_word' id='word_1_175' title='bbox 656 3581 775 3692; x_wconf 84' lang='lat' dir='ltr'>figura</span> <span class='ocrx_word' id='word_1_176' title='bbox 791 3581 825 3691; x_wconf 77' lang='lat'>,&#39;</span> <span class='ocrx_word' id='word_1_177' title='bbox 854 3581 932 3666; x_wconf 85' lang='lat' dir='ltr'>eiua</span> <span class='ocrx_word' id='word_1_178' title='bbox 962 3577 1179 3689; x_wconf 79' lang='lat' dir='ltr'>superficiei</span> <span class='ocrx_word' id='word_1_179' title='bbox 1207 3579 1248 3658; x_wconf 92' lang='lat' dir='ltr'>in</span> <span class='ocrx_word' id='word_1_180' title='bbox 1293 3575 1405 3689; x_wconf 69' lang='lat' dir='ltr'>inum</span> 
     </span>
     <span class='ocr_line' id='line_1_25' title="bbox 143 3706 1444 3826; baseline -0.005 -36"><span class='ocrx_word' id='word_1_181' title='bbox 143 3707 344 3793; x_wconf 87' lang='lat' dir='ltr'>merabilea</span> <span class='ocrx_word' id='word_1_182' title='bbox 374 3707 752 3819; x_wconf 53' lang='lat' dir='ltr'>particulatimque</span> <span class='ocrx_word' id='word_1_183' title='bbox 800 3706 898 3795; x_wconf 74' lang='lat' dir='ltr'>secia</span> <span class='ocrx_word' id='word_1_184' title='bbox 945 3706 1192 3818; x_wconf 88' lang='lat' dir='ltr'>coneipitur,</span> <span class='ocrx_word' id='word_1_185' title='bbox 1241 3717 1282 3786; x_wconf 87' lang='lat' dir='ltr'>et</span> <span class='ocrx_word' id='word_1_186' title='bbox 1330 3723 1444 3826; x_wconf 20' lang='lat' dir='ltr'>pro,</span> 
     </span>
     <span class='ocr_line' id='line_1_26' title="bbox 151 3827 1404 3948; baseline 0 -32"><span class='ocrx_word' id='word_1_187' title='bbox 151 3833 311 3940; x_wconf 88' lang='lat' dir='ltr'>qualibet</span> <span class='ocrx_word' id='word_1_188' title='bbox 356 3831 524 3947; x_wconf 85' lang='lat' dir='ltr'>&#39;angulus</span> <span class='ocrx_word' id='word_1_189' title='bbox 557 3835 858 3944; x_wconf 87' lang='lat' dir='ltr'>obliquitatis,</span> <span class='ocrx_word' id='word_1_190' title='bbox 904 3834 970 3921; x_wconf 90' lang='lat' dir='ltr'>sub</span> <span class='ocrx_word' id='word_1_191' title='bbox 1018 3857 1096 3948; x_wconf 91' lang='lat' dir='ltr'>quo</span> <span class='ocrx_word' id='word_1_192' title='bbox 1141 3832 1184 3916; x_wconf 92' lang='lat' dir='ltr'>iu</span> <span class='ocrx_word' id='word_1_193' title='bbox 1240 3827 1404 3916; x_wconf 87' lang='lat' dir='ltr'>fluidum</span> 
     </span>
     <span class='ocr_line' id='line_1_27' title="bbox 147 3958 1406 4074; baseline -0.002 -32"><span class='ocrx_word' id='word_1_194' title='bbox 147 3959 335 4067; x_wconf 87' lang='lat' dir='ltr'>incurrit,</span> <span class='ocrx_word' id='word_1_195' title='bbox 379 3962 537 4074; x_wconf 83' lang='lat' dir='ltr'>indeque</span> <span class='ocrx_word' id='word_1_196' title='bbox 567 3965 750 4074; x_wconf 83' lang='lat' dir='ltr'>quantitas</span> <span class='ocrx_word' id='word_1_197' title='bbox 777 3961 997 4050; x_wconf 80' lang='lat' dir='ltr'>reddendae</span> <span class='ocrx_word' id='word_1_198' title='bbox 1033 3958 1248 4066; x_wconf 81' lang='lat' dir='ltr'>definitur;</span> <span class='ocrx_word' id='word_1_199' title='bbox 1295 3975 1406 4065; x_wconf 90' lang='lat' dir='ltr'>atque</span> 
     </span>
     <span class='ocr_line' id='line_1_28' title="bbox 143 4085 1407 4200; baseline -0.002 -30"><span class='ocrx_word' id='word_1_200' title='bbox 143 4109 207 4170; x_wconf 85' lang='lat' dir='ltr'>ex·</span> <span class='ocrx_word' id='word_1_201' title='bbox 234 4086 292 4171; x_wconf 80' lang='lat' dir='ltr'>his</span> <span class='ocrx_word' id='word_1_202' title='bbox 321 4091 497 4175; x_wconf 88' lang='lat' dir='ltr'>omnibns</span> <span class='ocrx_word' id='word_1_203' title='bbox 536 4091 744 4177; x_wconf 79' lang='lat' dir='ltr'>residentiis</span> <span class='ocrx_word' id='word_1_204' title='bbox 780 4088 1070 4176; x_wconf 81' lang='lat' dir='ltr'>elementaribus</span> <span class='ocrx_word' id='word_1_205' title='bbox 1120 4085 1275 4200; x_wconf 87' lang='lat' dir='ltr'>tandem</span> <span class='ocrx_word' id='word_1_206' title='bbox 1323 4099 1407 4168; x_wconf 91' lang='lat' dir='ltr'>tota</span> 
     </span>
     <span class='ocr_line' id='line_1_29' title="bbox 137 4208 1407 4334; baseline -0.007 -35"><span class='ocrx_word' id='word_1_207' title='bbox 137 4213 349 4301; x_wconf 86' lang='lat' dir='ltr'>refistentia</span> <span class='ocrx_word' id='word_1_208' title='bbox 375 4217 503 4334; x_wconf 82' lang='lat' dir='ltr'>colligi</span> <span class='ocrx_word' id='word_1_209' title='bbox 536 4221 647 4329; x_wconf 82' lang='lat' dir='ltr'>solet,</span> <span class='ocrx_word' id='word_1_210' title='bbox 667 4241 849 4332; x_wconf 85' lang='lat' dir='ltr'>quatenus</span> <span class='ocrx_word' id='word_1_211' title='bbox 875 4215 1032 4326; x_wconf 89' lang='lat' dir='ltr'>quidem</span> <span class='ocrx_word' id='word_1_212' title='bbox 1065 4208 1251 4296; x_wconf 86' lang='lat' dir='ltr'>calculum</span> <span class='ocrx_word' id='word_1_213' title='bbox 1280 4229 1407 4320; x_wconf 85' lang='lat' dir='ltr'>expe·</span> 
     </span>
     <span class='ocr_line' id='line_1_30' title="bbox 137 4332 1428 4458; baseline -0.003 -31"><span class='ocrx_word' id='word_1_214' title='bbox 137 4342 222 4427; x_wconf 83' lang='lat' dir='ltr'>dire</span> <span class='ocrx_word' id='word_1_215' title='bbox 240 4341 346 4429; x_wconf 79' lang='lat' dir='ltr'>lieet.</span> <span class='ocrx_word' id='word_1_216' title='bbox 386 4339 579 4432; x_wconf 87' lang='lat' dir='ltr'>Celeberr.</span> <span class='ocrx_word' id='word_1_217' title='bbox 598 4347 709 4458; x_wconf 82' lang='lat' dir='ltr'>igitur</span> <span class='ocrx_word' id='word_1_218' title='bbox 722 4345 833 4434; x_wconf 85' lang='lat' dir='ltr'>huius</span> <span class='ocrx_word' id='word_1_219' title='bbox 849 4341 1113 4430; x_wconf 81' lang='lat' dir='ltr'>dissertationis</span> <span class='ocrx_word' id='word_1_220' title='bbox 1128 4332 1283 4423; x_wconf 74' lang='lat' dir='ltr'>nudor</span> <span class='ocrx_word' id='word_1_221' title='bbox 1297 4334 1338 4418; x_wconf 92' lang='lat' dir='ltr'>in</span> <span class='ocrx_word' id='word_1_222' title='bbox 1355 4359 1428 4423; x_wconf 87' lang='lat' dir='ltr'>eo</span> 
     </span>
    </p>
   </div>
   <div class='ocr_carea' id='block_1_3' title="bbox 138 4461 1457 4685">
    <p class='ocr_par' dir='ltr' id='par_1_3' title="bbox 138 4461 1457 4685">
     <span class='ocr_line' id='line_1_31' title="bbox 138 4461 1457 4590; baseline -0.007 -36"><span class='ocrx_word' id='word_1_223' title='bbox 138 4471 344 4581; x_wconf 84' lang='lat' dir='ltr'>versatur,</span> <span class='ocrx_word' id='word_1_224' title='bbox 375 4491 422 4558; x_wconf 83' lang='lat' dir='ltr'>ut</span> <span class='ocrx_word' id='word_1_225' title='bbox 449 4471 660 4590; x_wconf 83' lang='lat' dir='ltr'>principia,</span> <span class='ocrx_word' id='word_1_226' title='bbox 692 4477 811 4558; x_wconf 85' lang='lat' dir='ltr'>unde·</span> <span class='ocrx_word' id='word_1_227' title='bbox 824 4475 894 4558; x_wconf 88' lang='lat' dir='ltr'>hae</span> <span class='ocrx_word' id='word_1_228' title='bbox 927 4467 1075 4580; x_wconf 83' lang='lat' dir='ltr'>regulae</span> <span class='ocrx_word' id='word_1_229' title='bbox 1100 4467 1184 4552; x_wconf 85' lang='lat' dir='ltr'>suut</span> <span class='ocrx_word' id='word_1_230' title='bbox 1210 4461 1410 4568; x_wconf 75' lang='lat' dir='ltr'>deductae,</span> <span class='ocrx_word' id='word_1_231' title='bbox 1453 4567 1457 4575; x_wconf 22' lang='grc' dir='ltr'>Ι</span> 
     </span>
     <span class='ocr_line' id='line_1_32' title="bbox 446 4609 1407 4685; baseline -0.01 1"><span class='ocrx_word' id='word_1_232' title='bbox 446 4609 449 4616; x_wconf 85' lang='grc'><strong>’</strong></span> <span class='ocrx_word' id='word_1_233' title='bbox 828 4619 856 4685; x_wconf 73' lang='lat' dir='ltr'>e,</span> <span class='ocrx_word' id='word_1_234' title='bbox 884 4619 911 4678; x_wconf 83' lang='lat' dir='ltr'>a</span> <span class='ocrx_word' id='word_1_235' title='bbox 1290 4613 1407 4678; x_wconf 82' lang='lat' dir='ltr'>accu-</span> 
     </span>
    </p>
   </div>
   <div class='ocr_carea' id='block_1_4' title="bbox 0 0 2092 5642">
    <p class='ocr_par' dir='ltr' id='par_1_4' title="bbox 0 0 2092 5642">
     <span class='ocr_line' id='line_1_33' title="bbox 0 0 2092 5642; baseline 0 2"><span class='ocrx_word' id='word_1_236' title='bbox 0 0 2092 5642; x_wconf 95' lang='lat' dir='ltr'> </span> 
     </span>
    </p>
   </div>
  </div>
 </body>
</html>
