4175 5642
330 542 416 643 DE
446 538 834 639 ltEslerNTlA
868 546 1213 644 FWIDORVM.
1312 578 1405 661 207

138 800 235 867 vem
265 776 442 867 relietum
475 776 668 865 reliilentia
699 772 799 861 adeo
829 794 999 889 augetur.
1064 781 1112 866 ln
1142 810 1191 867 eo
1208 788 1410 898 imprimis

136 934 230 1018 ergo
261 913 360 995 circa
389 906 546 1015 figuram
582 903 721 1017 puppis
749 905 819 987 erit
850 907 1154 1015 elaborandum
1186 934 1229 995 ut
1248 915 1318 998 tale
1339 940 1404 999 va·

132 1060 253 1123 cuum
284 1040 463 1140 euitetur,
494 1058 538 1117 ac
555 1033 694 1143 puppis
721 1032 773 1115 ita
789 1032 1047 1119 insensibiliter
1062 1038 1110 1121 ad
1127 1032 1164 1121 B
1180 1049 1407 1150 usque'con·

133 1184 303 1273 uergat,
336 1180 380 1243 ut
410 1186 507 1272 aqua
539 1184 627 1245 eam
660 1160 798 1265 iugiter
817 1162 1010 1271 sequatur,
1042 1165 1162 1275 neque
1181 1168 1317 1251 riuulus
1331 1168 1415 1284 Es
1548 1164 1555 1175 ’

133 1316 221 1375 eam
252 1310 412 1409 usquam
444 1289 596 1375 deserat.
660 1288 710 1371 In
740 1285 819 1371 hoc
849 1292 964 1373 etiam
998 1292 1149 1402 inlignis
1171 1293 1233 1377 illa
1251 1298 1405 1379 nauium
1580 1314 1584 1325 ’

133 1418 347 1530 proprietas
365 1415 548 1507 uersatur.
566 1440 639 1525 qua
659 1417 775 1527 puppi
793 1416 908 1501 talem
928 1417 1089 1528 figuram
1108 1422 1311 1505 conciliare
1329 1422 1407 1505 stu·

132 1544 252 1651 dent,
269 1566 316 1630 ut
332 1570 427 1655 aqua
445 1544 561 1629 libere
577 1546 625 1627 ad
643 1532 934 1651 gubernaculum
950 1548 1150 1633 decurrere
1168 1569 1291 1658 queat,
1306 1575 1417 1657 quoa

133 1674 276 1760 effectu
309 1674 590 1775 frustraremur,
625 1670 772 1782 sraqua
804 1674 904 1757 circa
926 1679 1092 1788 puppim
1109 1700 1248 1763 nauem
1264 1675 1403 1763 desere·

131 1820 213 1913 ret,
243 1826 367 1913 neque
397 1804 437 1885 in
469 1802 764 1909 gubernaculum
795 1798 982 1885 allideret.
1265 1875 1267 1880 .
1399 1880 1403 1888 .

282 1926 421 2014 XVII.
456 1928 522 2011 Ex
553 1925 745 2012 celeritate
777 1946 907 2011 autem
938 1942 1054 2040 aquae
1103 1932 1208 2018 iuxta
1263 1954 1403 2044 corpus
1505 1976 1511 1991 ‚

129 2046 333 2143 defluentis
365 2054 528 2163 figuram
571 2052 783 2137 riuulorum
824 2048 1010 2164 illourm,
1050 2082 1120 2167 per
1165 2084 1262 2169 quos
1309 2083 1406 2169 aqua

129 2204 293 2272 motum
323 2183 426 2275 snum
460 2180 653 2285 inflediit‚
686 2180 769 2265 satis
798 2182 935 2267 exad‘te
966 2184 1149 2293 colligere
1175 2186 1401 2297 poterimus.

128 2312 194 2399 Ac
231 2312 362 2422 primo
402 2312 556 2421 quidem
608 2332 682 2418 pto
729 2308 853 2392 riuulo
904 2312 1058 2423 corpori
1109 2316 1299 2424 proximo
1321 2311 1416 2427 sss

129 2444 211 2526 eins
258 2438 471 2552 amplitudo
517 2438 656 2547 ubique
696 2434 883 2521 celeritati
923 2441 1120 2545 reciproce
1168 2440 1285 2523 debet
1333 2440 1406 2521 else

127 2564 445 2679 proportionalia.
508 2559 613 2646 Cum
644 2563 780 2665 igitur,
816 2560 942 2671 pofito
972 2562 1115 2671 angulo
1145 2553 1403 2667 nmlzrb,
1428 2586 1514 2671 Tab.
1536 2589 1607 2666 ιι,

129 2694 309 2779 celeritas
343 2712 461 2799 aquae
492 2688 533 2769 in
550 2685 615 2772 *M
648 2683 693 2769 fit
722 2708 811 2768 :c
827 2686 905 2771 cos.
925 2674 996 2792 Φ,
1031 2690 1073 2769 in
1103 2686 1178 2773 hoc
1207 2692 1299 2775 loco
1320 2714 1404 2777 am·
1428 2688 1503 2791 Fig·
1533 2720 1586 2778 a.

124 2832 292 2945 plitudo
311 2826 465 2940 riualis
476 2824 548 2910 etit
565 2844 609 2909 ut
626 2804 796 2949 affl?
819 2829 906 2940 quia
938 2849 1065 2913 antem
1096 2832 1198 2920 hunc
1240 2836 1406 2945 riunlum

125 2956 431 3069 angussiffimum
465 2954 736 3059 concipimus,
787 2973 989 3064 motusque
1020 2982 1140 3065 aquae
1181 2962 1223 3042 in
1256 2962 1305 3045 M
1352 2968 1403 3047 le

126 3087 311 3171 cundum
334 3104 472 3167 curuae
500 3096 720 3187 tangentem
753 3078 957 3189 dirigitur,
991 3086 1209 3194 amplitudo
1244 3088 1330 3202 tuq
1355 3090 1404 3175 ad

128 3236 291 3299 cumam
325 3207 522 3296 statuenda.
547 3203 600 3289 est
631 3206 824 3291 normalia
889 3208 1020 3325 Quare
1052 3212 1093 3294 in
1114 3216 1285 3300 normali
1305 3216 1405 3333 QM

128 3338 322 3453 produdia
371 3332 538 3449 capiatur
586 3335 718 3445 portio
769 3334 882 3447 Mq,
933 3360 1030 3443 quae
1080 3339 1124 3422 fit
1174 3344 1313 3451 ubique
1361 3362 1405 3427 rt

130 3479 261 3611 ῑὼᾗςῷ,
295 3484 359 3569 seu
390 3498 435 3568 ut
466 3468 608 3589 seed),
639 3481 690 3562 ob
723 3500 744 3561 c
776 3476 1050 3582 constantem,
1082 3498 1122 3561 et
1160 3482 1407 3597 pundiumq

133 3620 209 3726 erit
239 3624 295 3697 in-
313 3634 426 3697 curua
456 3613 641 3720 proxima
660 3610 784 3721 sgqe
803 3600 979 3689 'riuulnm
1020 3606 1242 3691 exhibente.
1326 3611 1407 3696 Ve-

131 3768 226 3829 rum
256 3741 320 3827 hic
352 3730 396 3845 Φ
427 3737 623 3823 denotabit
656 3744 810 3846 quoqne
850 3735 1031 3843 angulum
1076 3732 1242 3851 PMQ‚
1285 3739 1407 3848 polita
1444 3736 1449 3746 '

133 3868 328 3983 applicata
359 3866 449 3951 PM
480 3866 526 3967 ad
551 3852 720 3949 flirmluis
751 3862 998 3948 dirediionem
1029 3862 1120 3947 ΟΑ
1152 3868 1408 3977 perpendicn-

137 4014 234 4101 laris
266 4016 369 4099 unde
399 4014 473 4095 erit
503 4006 586 4122 Mq
619 4028 661 4092 ut
693 3980 776 4119 ἒξ
849 4008 1079 4093 Producatur
1124 4031 1220 4121 ergo
1267 4012 1409 4124 ubique

137 4144 331 4257 applicata
364 4140 449 4225 PM
480 4140 608 4250 inp,
640 4157 682 4217 ut
715 4158 801 4249 para
834 4136 1016 4247 producta
1050 4134 1096 4219 Μ
1102 4152 1132 4251 p
1163 4138 1208 4223 fit
1232 4141 1409 4225 constan·

136 4273 185 4355 tis
218 4267 530 4380 magnitudinis,
561 4282 600 4346 et
632 4287 681 4347 ex
707 4282 738 4377 p
768 4267 833 4351 axi
867 4264 952 4350 AO
985 4285 1117 4371 agatur
1146 4265 1320 4375 parallela
1331 4286 1406 4383 pq,

137 4399 355 4485 normalem
389 4392 495 4510 Qlll
527 4390 756 4502 productum
787 4396 908 4481 secans
937 4394 979 4481 iu
1008 4410 1066 4501 q,
1114 4392 1262 4506 eritque
1293 4420 1410 4508 pun.

96 4517 729 4641 etumqtncuruaqureuta.
945 4510 949 4521 ’
1001 4544 1006 4562 ·
1391 4630 1396 4640 ⁴

1247 4644 1414 4765 xvnu·
