<?xml version="1.0" encoding="UTF-8"?>
<!DOCTYPE html PUBLIC "-//W3C//DTD XHTML 1.0 Transitional//EN"
    "http://www.w3.org/TR/xhtml1/DTD/xhtml1-transitional.dtd">
<html xmlns="http://www.w3.org/1999/xhtml" xml:lang="en" lang="en">
 <head>
  <title>
</title>
<meta http-equiv="Content-Type" content="text/html;charset=utf-8" />
  <meta name='ocr-system' content='tesseract 3.04.00' />
  <meta name='ocr-capabilities' content='ocr_page ocr_carea ocr_par ocr_line ocrx_word'/>
</head>
<body>
  <div class='ocr_page' id='page_1' title='image "./novicommentarii06sssrgoog/novicommentarii06sssrgoog_0560.png"; bbox 0 0 4175 5642; ppageno 0'>
   <div class='ocr_carea' id='block_1_1' title="bbox 552 419 1434 630">
    <p class='ocr_par' dir='ltr' id='par_1_1' title="bbox 552 419 1434 630">
     <span class='ocr_line' id='line_1_1' title="bbox 552 419 1434 630; baseline 0.005 -40"><span class='ocrx_word' id='word_1_1' title='bbox 552 489 1068 601; x_wconf 66' lang='lat' dir='ltr'><strong><em>‘ZOGORVM.</em></strong></span> <span class='ocrx_word' id='word_1_2' title='bbox 1156 419 1161 424; x_wconf 18' lang='grc' dir='ltr'><strong>ι</strong></span> <span class='ocrx_word' id='word_1_3' title='bbox 1339 455 1434 630; x_wconf 53' lang='lat' dir='ltr'>”j</span> 
     </span>
    </p>
   </div>
   <div class='ocr_carea' id='block_1_2' title="bbox 159 727 1431 884">
    <p class='ocr_par' dir='ltr' id='par_1_2' title="bbox 159 727 1431 884">
     <span class='ocr_line' id='line_1_2' title="bbox 159 727 1431 884; baseline 0.018 -74"><span class='ocrx_word' id='word_1_4' title='bbox 159 739 280 841; x_wconf 78' lang='lat' dir='ltr'>ront3</span> <span class='ocrx_word' id='word_1_5' title='bbox 308 744 431 836; x_wconf 69' lang='lat' dir='ltr'>neone</span> <span class='ocrx_word' id='word_1_6' title='bbox 460 737 595 810; x_wconf 86' lang='lat' dir='ltr'>tamen</span> <span class='ocrx_word' id='word_1_7' title='bbox 623 727 757 816; x_wconf 77' lang='lat' dir='ltr'>denne</span> <span class='ocrx_word' id='word_1_8' title='bbox 788 729 1068 820; x_wconf 67' lang='lat' dir='ltr'>annosiores</span> <span class='ocrx_word' id='word_1_9' title='bbox 1097 731 1272 884; x_wconf 80' lang='lat' dir='ltr'>optimae</span> <span class='ocrx_word' id='word_1_10' title='bbox 1300 763 1431 856; x_wconf 83' lang='lat' dir='ltr'>notae,</span> 
     </span>
    </p>
   </div>
   <div class='ocr_carea' id='block_1_3' title="bbox 161 852 1711 972">
    <p class='ocr_par' dir='ltr' id='par_1_3' title="bbox 161 852 1711 972">
     <span class='ocr_line' id='line_1_3' title="bbox 161 852 1711 972; baseline 0.003 -29"><span class='ocrx_word' id='word_1_11' title='bbox 161 883 257 972; x_wconf 82' lang='lat' dir='ltr'>quse</span> <span class='ocrx_word' id='word_1_12' title='bbox 288 852 545 946; x_wconf 73' lang='lat' dir='ltr'>Latitudinem</span> <span class='ocrx_word' id='word_1_13' title='bbox 595 853 708 940; x_wconf 86' lang='lat' dir='ltr'>huius</span> <span class='ocrx_word' id='word_1_14' title='bbox 753 856 1016 968; x_wconf 77' lang='lat' dir='ltr'>Obserurtorii</span> <span class='ocrx_word' id='word_1_15' title='bbox 1067 865 1259 972; x_wconf 75' lang='lat' dir='ltr'>malorem</span> <span class='ocrx_word' id='word_1_16' title='bbox 1310 871 1431 960; x_wconf 84' lang='lat' dir='ltr'>adhuc</span> <span class='ocrx_word' id='word_1_17' title='bbox 1518 909 1521 914; x_wconf 93' lang='lat'>·</span> <span class='ocrx_word' id='word_1_18' title='bbox 1706 863 1711 868; x_wconf 79' lang='grc'><strong>’</strong></span> 
     </span>
    </p>
   </div>
   <div class='ocr_carea' id='block_1_4' title="bbox 156 951 1435 1358">
    <p class='ocr_par' dir='ltr' id='par_1_4' title="bbox 156 951 1431 1356">
     <span class='ocr_line' id='line_1_4' title="bbox 159 951 1431 1099; baseline 0.008 -27"><span class='ocrx_word' id='word_1_19' title='bbox 159 1002 332 1097; x_wconf 78' lang='lat' dir='ltr'><strong>arguant.</strong></span> <span class='ocrx_word' id='word_1_20' title='bbox 395 980 684 1068; x_wconf 82' lang='lat' dir='ltr'>Obseruetiones</span> <span class='ocrx_word' id='word_1_21' title='bbox 712 951 900 1096; x_wconf 75' lang='lat' dir='ltr'>denique,</span> <span class='ocrx_word' id='word_1_22' title='bbox 917 1011 1012 1099; x_wconf 87' lang='lat' dir='ltr'>quas</span> <span class='ocrx_word' id='word_1_23' title='bbox 1038 993 1141 1077; x_wconf 85' lang='lat' dir='ltr'>circa</span> <span class='ocrx_word' id='word_1_24' title='bbox 1172 959 1431 1084; x_wconf 79' lang='lat' dir='ltr'>Latitudinem</span> 
     </span>
     <span class='ocr_line' id='line_1_5' title="bbox 160 1109 1435 1230; baseline 0.01 -32"><span class='ocrx_word' id='word_1_25' title='bbox 160 1110 412 1198; x_wconf 84' lang='lat' dir='ltr'>Berolinensis</span> <span class='ocrx_word' id='word_1_26' title='bbox 443 1109 698 1196; x_wconf 82' lang='lat' dir='ltr'>Obsenratorii</span> <span class='ocrx_word' id='word_1_27' title='bbox 728 1113 919 1199; x_wconf 84' lang='lat' dir='ltr'>instituere</span> <span class='ocrx_word' id='word_1_28' title='bbox 951 1114 1051 1202; x_wconf 86' lang='lat' dir='ltr'>milri</span> <span class='ocrx_word' id='word_1_29' title='bbox 1082 1119 1227 1230; x_wconf 85' lang='lat' dir='ltr'>licuit,</span> <span class='ocrx_word' id='word_1_30' title='bbox 1257 1123 1330 1209; x_wconf 86' lang='lat' dir='ltr'>hac</span> <span class='ocrx_word' id='word_1_31' title='bbox 1358 1147 1435 1209; x_wconf 87' lang='lat' dir='ltr'>oc·</span> 
     </span>
     <span class='ocr_line' id='line_1_6' title="bbox 156 1237 1317 1358; baseline 0.008 -31"><span class='ocrx_word' id='word_1_32' title='bbox 156 1240 309 1327; x_wconf 81' lang='lat' dir='ltr'>cafiune</span> <span class='ocrx_word' id='word_1_33' title='bbox 338 1237 451 1324; x_wconf 80' lang='lat' dir='ltr'>unul</span> <span class='ocrx_word' id='word_1_34' title='bbox 475 1264 692 1356; x_wconf 79' lang='lat' dir='ltr'>exponere,</span> <span class='ocrx_word' id='word_1_35' title='bbox 723 1241 947 1355; x_wconf 89' lang='lat' dir='ltr'>calculoque</span> <span class='ocrx_word' id='word_1_36' title='bbox 976 1245 1168 1358; x_wconf 87' lang='lat' dir='ltr'>subiicere,</span> <span class='ocrx_word' id='word_1_37' title='bbox 1200 1251 1317 1337; x_wconf 88' lang='lat' dir='ltr'>iuuat.</span> 
     </span>
    </p>
   </div>
   <div class='ocr_carea' id='block_1_5' title="bbox 160 1421 1551 1895">
    <p class='ocr_par' dir='ltr' id='par_1_5' title="bbox 160 1421 1551 1895">
     <span class='ocr_line' id='line_1_7' title="bbox 160 1421 1432 1596; baseline 0.012 -45"><span class='ocrx_word' id='word_1_38' title='bbox 160 1424 511 1553; x_wconf 81' lang='lat' dir='ltr'>Eleuationis</span> <span class='ocrx_word' id='word_1_39' title='bbox 570 1421 692 1545; x_wconf 88' lang='lat' dir='ltr'>Poli</span> <span class='ocrx_word' id='word_1_40' title='bbox 734 1426 1077 1596; x_wconf 79' lang='lat' dir='ltr'>Vraniburgi</span> <span class='ocrx_word' id='word_1_41' title='bbox 1118 1429 1432 1566; x_wconf 85' lang='lat' dir='ltr'>secundum</span> 
     </span>
     <span class='ocr_line' id='line_1_8' title="bbox 348 1591 1551 1748; baseline 0.017 -32"><span class='ocrx_word' id='word_1_42' title='bbox 348 1591 762 1748; x_wconf 86' lang='lat' dir='ltr'>obseruationes</span> <span class='ocrx_word' id='word_1_43' title='bbox 821 1601 952 1723; x_wconf 75' lang='lat' dir='ltr'>Cel,</span> <span class='ocrx_word' id='word_1_44' title='bbox 1017 1603 1242 1734; x_wconf 79' lang='lat' dir='ltr'>Picarda‘</span> <span class='ocrx_word' id='word_1_45' title='bbox 1538 1597 1551 1612; x_wconf 73' lang='grc'>”</span> 
     </span>
     <span class='ocr_line' id='line_1_9' title="bbox 307 1761 1033 1895; baseline 0.018 -12"><span class='ocrx_word' id='word_1_46' title='bbox 307 1766 311 1777; x_wconf 76' lang='grc'><strong>“</strong></span> <span class='ocrx_word' id='word_1_47' title='bbox 578 1761 1033 1895; x_wconf 80' lang='lat' dir='ltr'>determinatio..</span> 
     </span>
    </p>
   </div>
   <div class='ocr_carea' id='block_1_6' title="bbox 134 1973 1433 2229">
    <p class='ocr_par' dir='ltr' id='par_1_6' title="bbox 134 1973 1433 2229">
     <span class='ocr_line' id='line_1_10' title="bbox 304 1973 1433 2102; baseline 0.019 -37"><span class='ocrx_word' id='word_1_48' title='bbox 304 1973 409 2069; x_wconf 84' lang='lat' dir='ltr'>Corn</span> <span class='ocrx_word' id='word_1_49' title='bbox 441 2003 582 2093; x_wconf 85' lang='lat' dir='ltr'>organa</span> <span class='ocrx_word' id='word_1_50' title='bbox 613 1982 908 2096; x_wconf 81' lang='lat' dir='ltr'>astronomica,</span> <span class='ocrx_word' id='word_1_51' title='bbox 938 1988 1073 2102; x_wconf 77' lang='lat' dir='ltr'>quisue</span> <span class='ocrx_word' id='word_1_52' title='bbox 1121 1979 1210 2079; x_wconf 82' lang='lat' dir='ltr'>Cel.</span> <span class='ocrx_word' id='word_1_53' title='bbox 1246 1987 1433 2084; x_wconf 70' lang='lat' dir='ltr'>Picano</span> 
     </span>
     <span class='ocr_line' id='line_1_11' title="bbox 134 2106 1430 2229; baseline 0.006 -34"><span class='ocrx_word' id='word_1_54' title='bbox 134 2106 364 2216; x_wconf 50' lang='lat' dir='ltr'>,neuun</span> <span class='ocrx_word' id='word_1_55' title='bbox 392 2112 536 2222; x_wconf 89' lang='lat' dir='ltr'>quippe</span> <span class='ocrx_word' id='word_1_56' title='bbox 563 2135 658 2220; x_wconf 88' lang='lat' dir='ltr'>quae</span> <span class='ocrx_word' id='word_1_57' title='bbox 690 2115 898 2229; x_wconf 85' lang='lat' dir='ltr'>telescopiis</span> <span class='ocrx_word' id='word_1_58' title='bbox 926 2116 1018 2202; x_wconf 90' lang='lat' dir='ltr'>loco</span> <span class='ocrx_word' id='word_1_59' title='bbox 1048 2115 1351 2228; x_wconf 84' lang='lat' dir='ltr'>pinnacidiorurn</span> <span class='ocrx_word' id='word_1_60' title='bbox 1369 2123 1430 2204; x_wconf 88' lang='lat' dir='ltr'>in·</span> 
     </span>
    </p>
   </div>
   <div class='ocr_carea' id='block_1_7' title="bbox 128 2235 1512 3490">
    <p class='ocr_par' dir='ltr' id='par_1_7' title="bbox 128 2235 1512 3490">
     <span class='ocr_line' id='line_1_12' title="bbox 153 2235 1435 2358; baseline 0.007 -35"><span class='ocrx_word' id='word_1_61' title='bbox 153 2235 300 2323; x_wconf 62' lang='lat' dir='ltr'>lirum</span> <span class='ocrx_word' id='word_1_62' title='bbox 325 2255 435 2326; x_wconf 85' lang='lat' dir='ltr'>erant</span> <span class='ocrx_word' id='word_1_63' title='bbox 451 2290 466 2342; x_wconf 81' lang='lat'>‚</span> <span class='ocrx_word' id='word_1_64' title='bbox 483 2237 601 2348; x_wconf 82' lang='lat' dir='ltr'>longe</span> <span class='ocrx_word' id='word_1_65' title='bbox 615 2241 851 2328; x_wconf 84' lang='lat' dir='ltr'>excellerent</span> <span class='ocrx_word' id='word_1_66' title='bbox 866 2267 962 2355; x_wconf 80' lang='lat' dir='ltr'>pere</span> <span class='ocrx_word' id='word_1_67' title='bbox 977 2247 1046 2351; x_wconf 86' lang='lat' dir='ltr'>iis,</span> <span class='ocrx_word' id='word_1_68' title='bbox 1067 2269 1228 2356; x_wconf 77' lang='lat' dir='ltr'>quorum</span> <span class='ocrx_word' id='word_1_69' title='bbox 1245 2241 1435 2358; x_wconf 78' lang='lat' dir='ltr'>adhibeo·</span> 
     </span>
     <span class='ocr_line' id='line_1_13' title="bbox 128 2364 1435 2476; baseline 0.007 -36"><span class='ocrx_word' id='word_1_70' title='bbox 128 2366 295 2451; x_wconf 64' lang='lat' dir='ltr'>„dorum</span> <span class='ocrx_word' id='word_1_71' title='bbox 325 2367 437 2476; x_wconf 75' lang='lat' dir='ltr'>copia</span> <span class='ocrx_word' id='word_1_72' title='bbox 469 2364 641 2472; x_wconf 75' lang='lat' dir='ltr'>Tychom&#39;</span> <span class='ocrx_word' id='word_1_73' title='bbox 670 2369 766 2471; x_wconf 82' lang='lat' dir='ltr'>luit,</span> <span class='ocrx_word' id='word_1_74' title='bbox 783 2369 1054 2453; x_wconf 83' lang='lat' dir='ltr'>Elenationem</span> <span class='ocrx_word' id='word_1_75' title='bbox 1082 2371 1166 2446; x_wconf 82' lang='lat' dir='ltr'>Poll</span> <span class='ocrx_word' id='word_1_76' title='bbox 1198 2369 1435 2475; x_wconf 81' lang='lat' dir='ltr'>Vranibnsgi</span> 
     </span>
     <span class='ocr_line' id='line_1_14' title="bbox 139 2484 1434 2600; baseline -0.002 -22"><span class='ocrx_word' id='word_1_77' title='bbox 139 2517 207 2578; x_wconf 78' lang='lat' dir='ltr'>ex</span> <span class='ocrx_word' id='word_1_78' title='bbox 241 2491 395 2576; x_wconf 82' lang='lat' dir='ltr'>Pitardi</span> <span class='ocrx_word' id='word_1_79' title='bbox 419 2487 743 2570; x_wconf 82' lang='lat' dir='ltr'>obseruanonibus</span> <span class='ocrx_word' id='word_1_80' title='bbox 773 2484 951 2593; x_wconf 82' lang='lat' dir='ltr'>primurn</span> <span class='ocrx_word' id='word_1_81' title='bbox 978 2485 1256 2600; x_wconf 80' lang='lat' dir='ltr'>praecipueque</span> <span class='ocrx_word' id='word_1_82' title='bbox 1301 2511 1434 2574; x_wconf 80' lang='lat' dir='ltr'>enuere</span> 
     </span>
     <span class='ocr_line' id='line_1_15' title="bbox 143 2607 1437 2722; baseline -0.009 -19"><span class='ocrx_word' id='word_1_83' title='bbox 143 2640 199 2703; x_wconf 79' lang='lat' dir='ltr'>ac</span> <span class='ocrx_word' id='word_1_84' title='bbox 230 2612 392 2702; x_wconf 85' lang='lat' dir='ltr'>definire</span> <span class='ocrx_word' id='word_1_85' title='bbox 420 2609 479 2694; x_wconf 76' lang='lat' dir='ltr'>sas</span> <span class='ocrx_word' id='word_1_86' title='bbox 507 2607 574 2694; x_wconf 50' lang='lat' dir='ltr'>esis</span> <span class='ocrx_word' id='word_1_87' title='bbox 636 2607 741 2722; x_wconf 82' lang='lat' dir='ltr'>Quia</span> <span class='ocrx_word' id='word_1_88' title='bbox 777 2625 913 2696; x_wconf 87' lang='lat' dir='ltr'>autem</span> <span class='ocrx_word' id='word_1_89' title='bbox 943 2611 1060 2696; x_wconf 82' lang='lat' dir='ltr'>cerdo</span> <span class='ocrx_word' id='word_1_90' title='bbox 1082 2611 1193 2700; x_wconf 87' lang='lat' dir='ltr'>huius</span> <span class='ocrx_word' id='word_1_91' title='bbox 1223 2615 1281 2701; x_wconf 87' lang='lat' dir='ltr'>rei</span> <span class='ocrx_word' id='word_1_92' title='bbox 1310 2617 1437 2702; x_wconf 82' lang='lat' dir='ltr'>uerti.</span> 
     </span>
     <span class='ocr_line' id='line_1_16' title="bbox 145 2733 1433 2856; baseline 0.002 -24"><span class='ocrx_word' id='word_1_93' title='bbox 145 2753 219 2832; x_wconf 82' lang='lat' dir='ltr'>tn&#39;r</span> <span class='ocrx_word' id='word_1_94' title='bbox 263 2743 308 2825; x_wconf 89' lang='grc' dir='ltr'>ιιι</span> <span class='ocrx_word' id='word_1_95' title='bbox 351 2733 646 2827; x_wconf 86' lang='lat' dir='ltr'>determinando</span> <span class='ocrx_word' id='word_1_96' title='bbox 675 2757 805 2822; x_wconf 87' lang='lat' dir='ltr'>errore</span> <span class='ocrx_word' id='word_1_97' title='bbox 834 2737 1083 2848; x_wconf 69' lang='lat' dir='ltr'>qmdrotis,</span> <span class='ocrx_word' id='word_1_98' title='bbox 1130 2765 1211 2856; x_wconf 89' lang='lat' dir='ltr'>quo</span> <span class='ocrx_word' id='word_1_99' title='bbox 1242 2741 1433 2834; x_wconf 76' lang='lat' dir='ltr'>Picardtu</span> 
     </span>
     <span class='ocr_line' id='line_1_17' title="bbox 146 2861 1435 2982; baseline 0.002 -26"><span class='ocrx_word' id='word_1_100' title='bbox 146 2869 239 2956; x_wconf 77' lang='lat' dir='ltr'>vllrs</span> <span class='ocrx_word' id='word_1_101' title='bbox 267 2867 364 2982; x_wconf 83' lang='lat' dir='ltr'>eu,</span> <span class='ocrx_word' id='word_1_102' title='bbox 410 2865 562 2974; x_wconf 83' lang='lat' dir='ltr'>seligam</span> <span class='ocrx_word' id='word_1_103' title='bbox 593 2861 740 2946; x_wconf 89' lang='lat' dir='ltr'>hunc</span> <span class='ocrx_word' id='word_1_104' title='bbox 728 2889 771 2948; x_wconf 87' lang='grc' dir='ltr'>ιιι</span> <span class='ocrx_word' id='word_1_105' title='bbox 801 2862 923 2952; x_wconf 86' lang='lat' dir='ltr'>finem</span> <span class='ocrx_word' id='word_1_106' title='bbox 955 2863 1172 2956; x_wconf 70' lang='lat' dir='ltr'>altitudines</span> <span class='ocrx_word' id='word_1_107' title='bbox 1201 2870 1435 2959; x_wconf 81' lang='lat' dir='ltr'>meridianas</span> 
     </span>
     <span class='ocr_line' id='line_1_18' title="bbox 144 2970 1434 3108; baseline 0.002 -26"><span class='ocrx_word' id='word_1_108' title='bbox 144 2996 299 3108; x_wconf 86' lang='lat' dir='ltr'>Reguli</span> <span class='ocrx_word' id='word_1_109' title='bbox 330 3013 370 3079; x_wconf 89' lang='lat' dir='ltr'>et</span> <span class='ocrx_word' id='word_1_110' title='bbox 398 2991 534 3078; x_wconf 83' lang='lat' dir='ltr'>Polaris</span> <span class='ocrx_word' id='word_1_111' title='bbox 559 2970 716 3095; x_wconf 84' lang='lat' dir='ltr'>stellae,</span> <span class='ocrx_word' id='word_1_112' title='bbox 746 3017 907 3102; x_wconf 81' lang='lat' dir='ltr'>quanam</span> <span class='ocrx_word' id='word_1_113' title='bbox 958 2990 1132 3081; x_wconf 79' lang='lat' dir='ltr'>alterna</span> <span class='ocrx_word' id='word_1_114' title='bbox 1177 2996 1343 3086; x_wconf 85' lang='lat' dir='ltr'>Picardo</span> <span class='ocrx_word' id='word_1_115' title='bbox 1389 3000 1434 3084; x_wconf 90' lang='lat' dir='ltr'>in</span> 
     </span>
     <span class='ocr_line' id='line_1_19' title="bbox 147 3097 1434 3236; baseline -0.001 -24"><span class='ocrx_word' id='word_1_116' title='bbox 147 3123 280 3214; x_wconf 78' lang='lat' dir='ltr'>Insula</span> <span class='ocrx_word' id='word_1_117' title='bbox 309 3122 476 3209; x_wconf 74' lang='lat' dir='ltr'>linenda</span> <span class='ocrx_word' id='word_1_118' title='bbox 506 3115 668 3202; x_wconf 80' lang='lat' dir='ltr'>anstnrnr</span> <span class='ocrx_word' id='word_1_119' title='bbox 699 3097 851 3227; x_wconf 80' lang='lat' dir='ltr'>sersus,</span> <span class='ocrx_word' id='word_1_120' title='bbox 897 3117 1066 3206; x_wconf 83' lang='lat' dir='ltr'>altera</span> <span class='ocrx_word' id='word_1_121' title='bbox 1054 3145 1096 3204; x_wconf 90' lang='grc' dir='ltr'>ιιι</span> <span class='ocrx_word' id='word_1_122' title='bbox 1145 3123 1434 3236; x_wconf 79' lang='lat' dir='ltr'>septentrionali</span> 
     </span>
     <span class='ocr_line' id='line_1_20' title="bbox 150 3241 1512 3366; baseline -0.001 -28"><span class='ocrx_word' id='word_1_123' title='bbox 150 3255 274 3366; x_wconf 84' lang='lat' dir='ltr'>plaga</span> <span class='ocrx_word' id='word_1_124' title='bbox 303 3252 374 3335; x_wconf 86' lang='lat' dir='ltr'>snit</span> <span class='ocrx_word' id='word_1_125' title='bbox 399 3247 609 3331; x_wconf 85' lang='lat' dir='ltr'>obseruata.</span> <span class='ocrx_word' id='word_1_126' title='bbox 692 3241 838 3331; x_wconf 82' lang='lat' dir='ltr'>Harum</span> <span class='ocrx_word' id='word_1_127' title='bbox 880 3269 979 3331; x_wconf 80' lang='lat' dir='ltr'>uero</span> <span class='ocrx_word' id='word_1_128' title='bbox 1009 3245 1179 3335; x_wconf 84' lang='lat' dir='ltr'>lixarum</span> <span class='ocrx_word' id='word_1_129' title='bbox 1210 3251 1435 3338; x_wconf 86' lang='lat' dir='ltr'>declinatio·</span> <span class='ocrx_word' id='word_1_130' title='bbox 1503 3339 1512 3348; x_wconf 74' lang='grc'><strong>,</strong></span> 
     </span>
     <span class='ocr_line' id='line_1_21' title="bbox 148 3369 1432 3490; baseline -0.005 -23"><span class='ocrx_word' id='word_1_131' title='bbox 148 3405 228 3467; x_wconf 87' lang='lat' dir='ltr'>nes</span> <span class='ocrx_word' id='word_1_132' title='bbox 258 3377 420 3490; x_wconf 86' lang='lat' dir='ltr'>praecise</span> <span class='ocrx_word' id='word_1_133' title='bbox 448 3373 710 3482; x_wconf 79' lang='lat' dir='ltr'>cognoscere,</span> <span class='ocrx_word' id='word_1_134' title='bbox 739 3371 945 3458; x_wconf 87' lang='lat' dir='ltr'>methodus</span> <span class='ocrx_word' id='word_1_135' title='bbox 984 3369 1080 3454; x_wconf 87' lang='lat' dir='ltr'>haec</span> <span class='ocrx_word' id='word_1_136' title='bbox 1113 3396 1202 3456; x_wconf 89' lang='lat' dir='ltr'>curn</span> <span class='ocrx_word' id='word_1_137' title='bbox 1235 3375 1432 3484; x_wconf 80' lang='lat' dir='ltr'>postulet,</span> 
     </span>
    </p>
   </div>
   <div class='ocr_carea' id='block_1_8' title="bbox 102 3492 1591 3613">
    <p class='ocr_par' dir='ltr' id='par_1_8' title="bbox 102 3492 1591 3613">
     <span class='ocr_line' id='line_1_22' title="bbox 102 3492 1591 3613; baseline -0.012 -20"><span class='ocrx_word' id='word_1_138' title='bbox 102 3492 106 3502; x_wconf 70' lang='grc'><strong>’</strong></span> <span class='ocrx_word' id='word_1_139' title='bbox 147 3531 224 3592; x_wconf 86' lang='lat' dir='ltr'>eas</span> <span class='ocrx_word' id='word_1_140' title='bbox 252 3529 305 3589; x_wconf 87' lang='lat' dir='ltr'>ex</span> <span class='ocrx_word' id='word_1_141' title='bbox 334 3503 431 3589; x_wconf 88' lang='lat' dir='ltr'>meis</span> <span class='ocrx_word' id='word_1_142' title='bbox 457 3499 771 3587; x_wconf 80' lang='lat' dir='ltr'>obseruationibus</span> <span class='ocrx_word' id='word_1_143' title='bbox 798 3494 1079 3610; x_wconf 76' lang='lat' dir='ltr'>diligentissime</span> <span class='ocrx_word' id='word_1_144' title='bbox 1118 3497 1277 3586; x_wconf 81' lang='lat' dir='ltr'>stabilire</span> <span class='ocrx_word' id='word_1_145' title='bbox 1307 3500 1432 3613; x_wconf 85' lang='lat' dir='ltr'>inpri.</span> <span class='ocrx_word' id='word_1_146' title='bbox 1588 3526 1591 3540; x_wconf 57' lang='grc'><strong>’</strong></span> 
     </span>
    </p>
   </div>
   <div class='ocr_carea' id='block_1_9' title="bbox 149 3627 1526 4515">
    <p class='ocr_par' dir='ltr' id='par_1_9' title="bbox 149 3627 1433 3866">
     <span class='ocr_line' id='line_1_23' title="bbox 152 3627 1433 3744; baseline -0.002 -25"><span class='ocrx_word' id='word_1_147' title='bbox 152 3636 237 3720; x_wconf 89' lang='lat' dir='ltr'>mis</span> <span class='ocrx_word' id='word_1_148' title='bbox 267 3631 433 3738; x_wconf 84' lang='lat' dir='ltr'>adnitar,</span> <span class='ocrx_word' id='word_1_149' title='bbox 465 3645 512 3712; x_wconf 78' lang='lat' dir='ltr'>ut</span> <span class='ocrx_word' id='word_1_150' title='bbox 541 3627 791 3738; x_wconf 84' lang='lat' dir='ltr'>postmodum</span> <span class='ocrx_word' id='word_1_151' title='bbox 828 3628 875 3713; x_wconf 88' lang='lat' dir='ltr'>ad</span> <span class='ocrx_word' id='word_1_152' title='bbox 905 3644 1061 3738; x_wconf 86' lang='lat' dir='ltr'>tempus</span> <span class='ocrx_word' id='word_1_153' title='bbox 1092 3627 1247 3738; x_wconf 89' lang='lat' dir='ltr'>quoduis</span> <span class='ocrx_word' id='word_1_154' title='bbox 1278 3651 1433 3744; x_wconf 51' lang='lat' dir='ltr'>propo}</span> 
     </span>
     <span class='ocr_line' id='line_1_24' title="bbox 149 3755 863 3866; baseline -0.018 -15"><span class='ocrx_word' id='word_1_155' title='bbox 149 3763 273 3852; x_wconf 78' lang='lat' dir='ltr'>sstem</span> <span class='ocrx_word' id='word_1_156' title='bbox 305 3758 436 3845; x_wconf 89' lang='lat' dir='ltr'>reduci</span> <span class='ocrx_word' id='word_1_157' title='bbox 465 3755 682 3840; x_wconf 84' lang='lat' dir='ltr'>commode</span> <span class='ocrx_word' id='word_1_158' title='bbox 711 3772 863 3866; x_wconf 87' lang='lat' dir='ltr'>queant.</span> 
     </span>
    </p>

    <p class='ocr_par' dir='ltr' id='par_1_10' title="bbox 149 3880 1526 4515">
     <span class='ocr_line' id='line_1_25' title="bbox 310 3880 1431 3994; baseline 0 -22"><span class='ocrx_word' id='word_1_159' title='bbox 310 3885 377 3972; x_wconf 80' lang='lat' dir='ltr'>nd</span> <span class='ocrx_word' id='word_1_160' title='bbox 408 3882 666 3970; x_wconf 85' lang='lat' dir='ltr'>deliniendam</span> <span class='ocrx_word' id='word_1_161' title='bbox 699 3884 824 3985; x_wconf 87' lang='lat' dir='ltr'>itaque</span> <span class='ocrx_word' id='word_1_162' title='bbox 851 3880 1146 3972; x_wconf 76' lang='lat' dir='ltr'>declinationem</span> <span class='ocrx_word' id='word_1_163' title='bbox 1176 3909 1206 3974; x_wconf 81' lang='lat' dir='ltr'>e</span> <span class='ocrx_word' id='word_1_164' title='bbox 1254 3881 1431 3994; x_wconf 84' lang='lat' dir='ltr'>Leonis,</span> 
     </span>
     <span class='ocr_line' id='line_1_26' title="bbox 149 3998 1429 4127; baseline -0.003 -23"><span class='ocrx_word' id='word_1_165' title='bbox 149 4019 235 4108; x_wconf 85' lang='lat' dir='ltr'>nne</span> <span class='ocrx_word' id='word_1_166' title='bbox 266 4009 438 4125; x_wconf 81' lang='lat' dir='ltr'>Reguli,</span> <span class='ocrx_word' id='word_1_167' title='bbox 470 3998 517 4094; x_wconf 88' lang='lat' dir='ltr'>iis</span> <span class='ocrx_word' id='word_1_168' title='bbox 546 4029 631 4095; x_wconf 78' lang='lat' dir='ltr'>urar</span> <span class='ocrx_word' id='word_1_169' title='bbox 659 4009 992 4120; x_wconf 79' lang='lat' dir='ltr'>obscurationibus,</span> <span class='ocrx_word' id='word_1_170' title='bbox 1009 4037 1100 4127; x_wconf 86' lang='lat' dir='ltr'>quas</span> <span class='ocrx_word' id='word_1_171' title='bbox 1130 4011 1229 4098; x_wconf 91' lang='lat' dir='ltr'>hunc</span> <span class='ocrx_word' id='word_1_172' title='bbox 1247 4013 1290 4100; x_wconf 91' lang='lat' dir='ltr'>in</span> <span class='ocrx_word' id='word_1_173' title='bbox 1308 4011 1429 4100; x_wconf 85' lang='lat' dir='ltr'>finem</span> 
     </span>
     <span class='ocr_line' id='line_1_27' title="bbox 151 4136 1432 4252; baseline -0.002 -21"><span class='ocrx_word' id='word_1_174' title='bbox 151 4148 200 4231; x_wconf 90' lang='grc' dir='ltr'>ιιι</span> <span class='ocrx_word' id='word_1_175' title='bbox 231 4141 503 4231; x_wconf 81' lang='lat' dir='ltr'>Obsemrtorio</span> <span class='ocrx_word' id='word_1_176' title='bbox 530 4139 660 4250; x_wconf 84' lang='lat' dir='ltr'>Regio</span> <span class='ocrx_word' id='word_1_177' title='bbox 692 4136 880 4229; x_wconf 86' lang='lat' dir='ltr'>Patisienli</span> <span class='ocrx_word' id='word_1_178' title='bbox 906 4143 1118 4251; x_wconf 88' lang='lat' dir='ltr'>quadrantis</span> <span class='ocrx_word' id='word_1_179' title='bbox 1148 4139 1340 4252; x_wconf 88' lang='lat' dir='ltr'>tripedalis</span> <span class='ocrx_word' id='word_1_180' title='bbox 1364 4141 1432 4228; x_wconf 89' lang='lat' dir='ltr'>be·</span> 
     </span>
     <span class='ocr_line' id='line_1_28' title="bbox 150 4265 1526 4380; baseline -0.005 -20"><span class='ocrx_word' id='word_1_181' title='bbox 150 4269 308 4359; x_wconf 85' lang='lat' dir='ltr'>neficio</span> <span class='ocrx_word' id='word_1_182' title='bbox 345 4268 465 4353; x_wconf 87' lang='lat' dir='ltr'>habui.</span> <span class='ocrx_word' id='word_1_183' title='bbox 554 4265 619 4354; x_wconf 89' lang='lat' dir='ltr'>lbi</span> <span class='ocrx_word' id='word_1_184' title='bbox 646 4265 754 4352; x_wconf 85' lang='lat' dir='ltr'>enirn</span> <span class='ocrx_word' id='word_1_185' title='bbox 786 4289 859 4378; x_wconf 90' lang='lat' dir='ltr'>per</span> <span class='ocrx_word' id='word_1_186' title='bbox 894 4268 1028 4380; x_wconf 87' lang='lat' dir='ltr'>plure&#39;s</span> <span class='ocrx_word' id='word_1_187' title='bbox 1051 4267 1328 4371; x_wconf 80' lang='lat' dir='ltr'>obseruationes</span> <span class='ocrx_word' id='word_1_188' title='bbox 1357 4270 1431 4354; x_wconf 78' lang='lat' dir='ltr'>vix</span> <span class='ocrx_word' id='word_1_189' title='bbox 1520 4313 1526 4330; x_wconf 54' lang='grc' dir='ltr'><strong>ι</strong></span> 
     </span>
     <span class='ocr_line' id='line_1_29' title="bbox 155 4389 1434 4515; baseline -0.016 -30"><span class='ocrx_word' id='word_1_190' title='bbox 155 4421 210 4504; x_wconf 66' lang='lat' dir='ltr'>a.</span> <span class='ocrx_word' id='word_1_191' title='bbox 235 4424 329 4510; x_wconf 63' lang='grc' dir='ltr'><strong>μισ.</strong></span> <span class='ocrx_word' id='word_1_192' title='bbox 352 4395 463 4490; x_wconf 77' lang='lat' dir='ltr'>utin.</span> <span class='ocrx_word' id='word_1_193' title='bbox 483 4389 555 4481; x_wconf 85' lang='lat' dir='ltr'>sec.</span> <span class='ocrx_word' id='word_1_194' title='bbox 585 4395 637 4484; x_wconf 84' lang='lat' dir='ltr'>ab</span> <span class='ocrx_word' id='word_1_195' title='bbox 666 4395 834 4484; x_wconf 86' lang='lat' dir='ltr'>inuicem</span> <span class='ocrx_word' id='word_1_196' title='bbox 866 4394 1134 4515; x_wconf 82' lang='lat' dir='ltr'>discrepantes,</span> <span class='ocrx_word' id='word_1_197' title='bbox 1152 4398 1284 4492; x_wconf 80' lang='lat' dir='ltr'>inueni</span> <span class='ocrx_word' id='word_1_198' title='bbox 1300 4397 1434 4484; x_wconf 67' lang='lat' dir='ltr'>altitu.</span> 
     </span>
    </p>
   </div>
   <div class='ocr_carea' id='block_1_10' title="bbox 636 4522 1433 4654">
    <p class='ocr_par' dir='ltr' id='par_1_11' title="bbox 636 4479 1677 4654">
     <span class='ocr_line' id='line_1_30' title="bbox 636 4522 1433 4654; baseline 0 -42"><span class='ocrx_word' id='word_1_199' title='bbox 636 4579 638 4583; x_wconf 28' lang='grc' dir='ltr'><em>ψ</em></span> <span class='ocrx_word' id='word_1_200' title='bbox 713 4522 912 4653; x_wconf 79' lang='lat' dir='ltr'>¹l’ppa</span> <span class='ocrx_word' id='word_1_201' title='bbox 1298 4525 1433 4654; x_wconf 75' lang='lat' dir='ltr'>uren</span> 
     </span>
    </p>
   </div>
   <div class='ocr_carea' id='block_1_11' title="bbox 0 0 2099 5642">
    <p class='ocr_par' dir='ltr' id='par_1_12' title="bbox 0 0 2099 5642">
     <span class='ocr_line' id='line_1_31' title="bbox 0 0 2099 5642; baseline 0 0"><span class='ocrx_word' id='word_1_202' title='bbox 0 0 2099 5642; x_wconf 95' lang='lat' dir='ltr'> </span> 
     </span>
    </p>
   </div>
  </div>
 </body>
</html>
