4175 5642
446 501 578 647 ¹ru
638 477 1105 648 aratore·
1329 579 1418 673 μς

304 783 414 872 iiior
446 780 685 892 uipereo,
717 799 899 894 tempore
929 781 1070 868 hiemis
1097 805 1235 894 aquam
1269 783 1306 871 in
1345 791 1423 877 sta·

153 931 197 1000 tu
230 914 423 999 fluiditatis
454 935 641 1013 manere,
676 911 748 994 saie
778 913 981 996 communi
1012 915 1053 995 in
1093 931 1230 1023 aquarn
1281 917 1426 1004 iniedio

149 1045 322 1127 obtineri
350 1037 583 1152 potiffimnm
613 1040 769 1150 potest,
800 1056 920 1154 quum
954 1040 1018 1124 hic
1050 1038 1099 1124 sal
1134 1042 1426 1167 maximecouq

30 1182 31 1193 ‘
148 1172 389 1281 gelatiouem
421 1191 540 1276 aquae
571 1167 788 1280 impediat,
819 1188 931 1280 atque
964 1169 1011 1254 sai
1051 1175 1326 1258 ammoniacus.

294 1295 436 1380 Vtrum
471 1319 567 1380 sero
598 1297 797 1407 proportio
825 1322 847 1380 a
877 1321 942 1381 rne
975 1298 1137 1381 indicata
1167 1299 1264 1383 inter
1293 1303 1423 1413 gradus

146 1422 302 1533 tiigoris
332 1412 533 1508 solutiones
562 1425 696 1508 salium
727 1425 968 1537 congelantes
983 1426 1132 1536 semper
1148 1427 1340 1541 obtineat,
1357 1433 1423 1519 ad·

147 1549 310 1636 firmare
343 1577 425 1636 non
456 1553 597 1658 auirm,
626 1577 775 1664 quum,
804 1553 833 1639 st
865 1555 981 1638 etiam
998 1573 1151 1639 caetera
1181 1557 1314 1642 omnia
1348 1559 1422 1647 iint

144 1680 288 1790 paria,
322 1682 540 1765 eorundum
572 1679 698 1767 salium
731 1683 873 1768 dinero
906 1682 1055 1766 bonitas
1086 1701 1127 1768 et
1159 1685 1301 1794 puritas
1348 1687 1424 1773 eise

142 1807 277 1919 poisat.
343 1809 439 1896 Non
467 1811 580 1920 igitur
611 1811 650 1893 in
684 1810 743 1895 his
770 1833 809 1895 et
840 1810 1072 1923 sequentibus
1110 1835 1262 1924 quoque
1298 1837 1429 1928 expe.

141 1936 327 2020 rimentis
355 1939 548 2022 adcuratio
587 1940 823 2046 geometrica
874 1937 1014 2048 requiri
1064 1940 1221 2048 potest,
1274 1939 1336 2026 sed
1385 1961 1426 2031 et

141 2063 248 2150 haec
279 2083 320 2149 et
349 2064 486 2151 fimilia
523 2089 614 2152 curn
654 2064 852 2156 latitudine
898 2065 1144 2176 intelligenda
1192 2065 1268 2154 effe
1315 2069 1426 2158 neila

139 2194 391 2305 conspicitur.
1114 2221 1130 2236 ·

298 2321 531 2411 Differentia
561 2323 744 2436 graduum
777 2321 926 2436 frigoris
958 2327 1092 2438 procui
1125 2323 1243 2411 dubio
1282 2327 1427 2440 pendet

137 2453 217 2538 vel
249 2479 271 2540 a
302 2455 452 2539 maiore
482 2452 560 2540 salis
588 2461 734 2564 copia,
765 2479 882 2563 quam
924 2455 1091 2537 diuersae
1118 2455 1316 2535 solutiones
1367 2479 1427 2538 re-

136 2583 281 2688 cipere
312 2601 354 2665 et
384 2581 581 2664 continere
609 2578 786 2686 potsunt,
820 2577 886 2660 rel
912 2578 1034 2662 etiam
1068 2601 1090 2661 a
1123 2574 1266 2662 diuersa
1296 2575 1427 2669 salium

137 2731 284 2796 natura
318 2727 434 2816 atque
467 2724 633 2788 textura.

302 2833 413 2935 Nam
444 2857 565 2945 quum
588 2831 733 2917 ‚mdem
749 2853 864 2944 aquae
878 2831 1062 2944 quantitas
1078 2899 1090 2941 ,
1106 2860 1223 2948 quam
1247 2836 1287 2921 in
1305 2835 1430 2954 expel

135 2961 328 3048 timentis
358 2958 496 3043 nostris
525 2958 780 3061 adhibuimus,
799 2985 879 3044 non
911 2963 1072 3045 eaodem
1106 2964 1183 3050 iniis
1205 2967 1338 3056 diuerfi
1353 2992 1427 3054 co·

135 3094 256 3205 piam
290 3085 432 3172 soluere
466 3084 614 3192 soleat,
664 3087 725 3170 sed
757 3087 969 3172 admodum
1001 3088 1185 3176 diuersam
1207 3153 1219 3196 ‚
1241 3091 1433 3205 ‘sequitur‚

137 3239 194 3303 ur
239 3218 279 3301 in
330 3213 482 3300 diuetfis
528 3211 778 3336 'solutionibus
825 3216 966 3299 diuersa
1018 3239 1169 3330 quoque
1219 3219 1305 3304 insit
1352 3219 1438 3326 salia

139 3346 356 3457 quantitas.
387 3369 392 3376 ’
419 3344 682 3458 Qtantitatern
712 3342 812 3427 hanc
843 3338 1029 3428 diueriim
1063 3343 1195 3432 salium
1228 3347 1269 3429 in
1304 3348 1431 3434 diner·

140 3475 196 3560 iis
229 3472 482 3560 musionium
508 3471 761 3555 determinate
792 3472 923 3556 multis
952 3471 1233 3578 experimentis
1264 3497 1344 3557 nun
1368 3479 1426 3559 in·

108 3596 313 3686 feliciter
358 3601 491 3685 iinduit
548 3597 699 3684 Eilerur
751 3599 795 3682 in
844 3594 1150 3683 Commentariis
1196 3600 1430 3687 Academiae

140 3725 403 3814 Betoliueniis
429 3725 521 3812 anni
566 3749 700 3829 1750.
763 3723 848 3810 lam
882 3727 1008 3810 maior
1039 3724 1119 3811 salis
1149 3733 1262 3839 copia
1298 3730 1430 3842 utplu.

141 3857 303 3942 timum
338 3859 458 3941 maius
485 3881 637 3968 quoque
668 3857 992 3965 impedimentum
1024 3841 1282 3967 congelationi
1332 3860 1442 3943 obii-1

141 4009 247 4070 cere
279 3983 405 4096 potest
435 4002 475 4068 et
504 3983 628 4091 solet,
675 3983 766 4068 hine
798 3975 1012 4068 mirandum
1058 3985 1256 4093 nonest,
1288 4009 1428 4096 aquam

143 4115 308 4200 maiore
340 4111 420 4198 salis
449 4114 563 4223 copia
593 4115 899 4224 impraegnatam
931 4111 1125 4198 maiorum
1162 4136 1312 4224 qnoque
1362 4112 1434 4199 fri·

145 4244 265 4352 gotis
295 4240 477 4348 graduum
507 4239 585 4322 effe
615 4263 807 4350 capacem,
828 4237 1023 4349 magisque
1059 4227 1318 4349 congelationi·
1338 4241 1432 4328 rest·

147 4369 257 4453 stete
286 4365 406 4478 poue.
471 4367 585 4478 Aqua
618 4369 730 4477 igitur
761 4369 908 4452 marina
938 4367 1039 4450 circa
1070 4368 1198 4454 littora
1229 4371 1357 4454 multo
1373 4371 1432 4454 fa·

153 4496 268 4580 cilius
295 4495 544 4605 congelatur,
585 4520 699 4605 quam
729 4495 771 4580 in
803 4494 899 4582 locis
929 4519 951 4580 a
983 4493 1172 4584 littoribus
1209 4498 1433 4586 remotiori·

224 4619 770 4715 Turn.V111·Nuu.Comm.
995 4623 1090 4716 Xx
1336 4623 1435 4740 bus,
