4175 5642
547 541 553 552 ·
617 450 760 642 ψ·
912 503 1153 616 cunnus
1182 501 1327 604 nuo.
1358 505 1434 601 nr
1464 496 1671 602 caron.

590 841 594 850 ,
664 763 760 854 itan
791 756 903 846 omni
935 747 1170 864 exceptione
1200 743 1323 838 maius
1351 758 1624 854 argumentum
1657 766 1739 830 non
1769 745 1879 855 erit,
1918 747 1947 837 fi

666 895 900 981 inuertaturt
955 906 1032 994 quo
1062 879 1186 990 magis
1217 875 1475 986 congelationi
1508 871 1672 957 fluidum
1703 873 1944 985 spirituosum

512 1041 517 1046 ·
666 1019 815 1117 refluit,
864 1036 917 1098 eo
948 1012 1140 1098 maiorem
1172 1006 1318 1118 spiritur
1348 1003 1595 1115 quantitatem
1627 1001 1765 1088 habeat
1796 1008 1947 1091 neceffe

668 1148 757 1254 eu,
788 1142 855 1230 nisu
876 1140 1035 1228 ostendi
1065 1138 1160 1224 dato
1190 1134 1274 1220 casu
1306 1131 1463 1247 poteii,
1504 1130 1690 1216 rationem
1724 1133 1810 1220 niis
1841 1159 1946 1222 con·

671 1274 767 1364 tenti
799 1271 942 1383 negligi
971 1265 1095 1384 posse.
1177 1329 1180 1338 .
1231 1339 1235 1344 .

821 1468 948 1553 Porro
977 1485 1028 1546 ex
1059 1460 1119 1546 his
1150 1453 1427 1572 experimentis
1460 1451 1617 1568 intelligi
1650 1453 1795 1568 potest,
1824 1453 1954 1572 quani
2025 1559 2028 1570 Ι

673 1600 731 1692 dn
757 1597 872 1684 fluida
903 1593 1098 1705 spirituola
1129 1616 1154 1672 a
1185 1588 1454 1696 congelatione
1501 1583 1618 1670 libera
1669 1587 1790 1673 lutura
1839 1590 1947 1694 sunt,

675 1729 826 1841 quando
856 1740 989 1807 contra
1019 1716 1328 1829 conglaciatioois
1360 1710 1527 1826 periculo
1557 1715 1756 1828 expolita,
1793 1719 1822 1804 n
1854 1741 1951 1802 con·

497 1953 501 1961 p
676 1860 884 1950 lidercntur
913 1847 1067 1960 frigoris
1097 1845 1260 1956 gradun,
1303 1843 1369 1928 sub
1400 1843 1532 1953 quibus
1561 1846 1756 1956 congelari
1812 1870 1952 1958 coepe·

677 2003 780 2077 runt.
845 1975 923 2068 Sed
955 1973 1065 2062 facile
1096 1971 1336 2084 conspicitur,
1352 1968 1429 2055 hoc
1469 1987 1619 2055 tantum
1651 1971 1778 2058 ualere
1815 1977 1951 2088 polle,

622 2198 624 2207 ,
680 2114 781 2204 liin
811 2107 893 2223 ipso
925 2103 1076 2194 fluido.
1106 2103 1392 2188 thermomeno
1422 2097 1622 2192 immerso,
1640 2099 1786 2216 frigoris
1817 2107 1950 2215 gradus

682 2239 916 2352 exploretur.
1001 2229 1110 2317 Nam
1143 2253 1209 2317 aer
1238 2230 1416 2313 ambiens
1446 2226 1636 2312 maiorem
1668 2227 1811 2342 liepius
1841 2231 1949 2344 frigo·

683 2371 735 2458 ris
766 2367 928 2477 gradum
958 2357 1024 2447 diu
1057 2357 1198 2444 habere
1227 2357 1353 2470 poteli
1383 2373 1424 2438 et
1455 2354 1576 2463 solet,
1627 2381 1740 2470 quam
1790 2359 1946 2446 fluidum

684 2492 843 2584 invase
874 2503 1114 2573 contentum.
1212 2483 1328 2597 Aqua
1358 2476 1436 2596 ipsa
1466 2481 1509 2566 in
1544 2484 1678 2571 medio
1727 2485 1793 2574 diu
1841 2489 1949 2574 fluida

682 2635 841 2722 manet,
873 2616 1047 2728 quamuis
1076 2613 1212 2723 gradun
1246 2620 1332 2695 160
1359 2633 1401 2696 et
1432 2612 1597 2724 amplius
1626 2613 1670 2698 in
1703 2609 1951 2730 aereregnt13

687 2774 784 2864 qnae
817 2744 1022 2833 tamenin
1072 2743 1202 2829 media
1257 2739 1378 2856 glacie
1427 2759 1604 2826 contenta
1654 2743 1790 2829 retinet
1838 2747 1949 2830 nihilo

688 2881 816 2965 minus
847 2875 1008 2987 gradum
1043 2888 1148 2980 150,
1196 2869 1302 2982 quod
1346 2884 1385 2952 ct
1434 2891 1487 2958 ex
1533 2868 1783 2986 superioribus
1835 2876 1953 2992 manif

687 3005 825 3094 fenum
859 3002 946 3110 eli,
972 3015 1015 3098 et
1046 2998 1138 3084 alias
1167 2997 1251 3084 satis
1277 2997 1435 3084 constat.

665 3253 673 3268 .
830 3185 1041 3276 Caetemm
1073 3189 1260 3278 cautionis
1308 3189 1432 3278 adhuc
1461 3193 1612 3282 mentio
1657 3195 1713 3284 est
1763 3197 1955 3307 facienda,

690 3343 810 3436 eptam
860 3321 900 3403 in
948 3318 1049 3405 hisce
1078 3319 1357 3430 experimentis
1385 3322 1559 3409 institutis
1586 3324 1773 3434 adhibui,
1799 3351 1839 3414 et
1868 3353 1956 3439 quae

692 3451 736 3542 in
764 3445 999 3534 instituendis
1028 3445 1083 3532 eli
1113 3446 1336 3534 adhibenda.
1430 3449 1585 3537 Notum
1618 3456 1725 3540 enim
1756 3458 1835 3563 eil,
1866 3460 1957 3542 eltu-

693 3579 804 3668 modi
832 3575 949 3661 fluida
982 3571 1198 3685 spintuosa.
1231 3601 1349 3688 quum
1380 3575 1451 3662 fint
1478 3578 1765 3697 heterogenea,
1798 3584 1839 3668 in
1870 3610 1959 3669 con·

694 3705 882 3822 gelatione
912 3698 1099 3811 inlignem
1130 3701 1211 3812 pati
1245 3706 1520 3816 mutationem,
1536 3729 1578 3792 et
1608 3713 1745 3797 eadem
1778 3737 1858 3795 non
1877 3737 1961 3824 per·

694 3854 887 3938 manere,
934 3827 1028 3912 dnm
1072 3847 1196 3937 parter
1227 3830 1441 3939 spirituosae
1473 3833 1516 3919 in
1547 3839 1683 3922 medio
1714 3823 1839 3924 fluido
1871 3866 1963 3924 con·

697 3976 937 4072 gregantur,
966 3973 1009 4040 et
1039 3953 1134 4049 hinc
1167 3958 1325 4042 maioris
1352 3959 1500 4072 frigoris
1530 3967 1666 4072 gradus
1694 3992 1850 4078 capaces
1876 3968 1965 4054 fiant

697 4090 840 4176 occelle
888 4083 974 4175 eli,
1022 4082 1116 4194 quin¹
1145 4084 1229 4169 solo
1257 4083 1394 4195 frigore
1425 4106 1463 4173 et
1494 4094 1762 4202 congelatione
1794 4119 1848 4180 ex
1878 4107 1969 4182 uino

697 4213 868 4326 spiritum
903 4209 987 4295 uini
1019 4209 1103 4296 lieri
1136 4211 1243 4324 polle
1272 4212 1432 4300 constat.
1507 4217 1564 4302 Vt
1593 4221 1708 4331 igitur
1738 4225 1905 4310 euiretur
1933 4241 1972 4308 et

698 4337 952 4450 corporatio,
1002 4358 1043 4423 et
1096 4339 1258 4425 mutatio
1303 4339 1449 4447 fluidi,
1486 4367 1666 4454 quantum
1702 4348 1784 4433 fieri
1818 4353 1973 4462 potest,

700 4465 796 4564 haec
824 4470 1091 4585 experimenta
1123 4484 1212 4560 ltine
1243 4467 1402 4560 demum
1438 4473 1523 4562 lunt
1563 4477 1773 4594 capienda,
1820 4481 1976 4591 quando

1724 4648 1728 4656 ·
1937 4631 1978 4694 rn
