4175 5642
459 579 462 586 ·
570 559 1042 661 LOCORVM.
1349 589 1470 782 ror!

168 794 354 892 *Lrtitodo
404 794 516 883 hninr
542 791 650 881 vrbis
699 798 810 883 tertia
856 797 1003 884 circiter
1031 793 1140 886 mina
1171 797 1304 910 gradus
1332 821 1440 914 parte

111 916 116 955 '
172 929 465 1047 praecedentem
496 924 861 1014 determinationem
890 926 1050 1037 superat.
1114 928 1296 1043 Keplerus
1332 929 1440 1016 Lati·
1587 1041 1588 1046 Ν

171 1059 346 1145 tudinem
377 1055 476 1140 hanc
511 1063 558 1160 ὃς
586 1054 683 1138 min.
717 1057 873 1168 prim,-
914 1055 1057 1161 Caffini
1085 1069 1132 1163 73
1167 1063 1267 1144 min.
1318 1059 1441 1170 prim.

171 1205 214 1273 et
227 1213 232 1220 ⁴
245 1181 369 1293 Tycha
398 1199 417 1289 ᾗ
447 1183 543 1268 mio.
579 1185 701 1293 prim.
732 1185 881 1270 circiter
913 1186 1012 1270 iusto
1056 1188 1243 1274 maiorem
1294 1187 1443 1273 admit·

166 1314 270 1400 tunt.
305 1309 371 1398 Ci.
404 1311 573 1424 lugius,
604 1309 824 1399 Fabricium
855 1315 1071 1401 adiutorem
1089 1316 1252 1425 habena,
1285 1341 1374 1401 cnm
1392 1315 1442 1404 du

171 1441 388 1528 Latitudine
419 1441 710 1550 Hrmburgensn
741 1443 842 1526 urbia
867 1464 1040 1528 accurate
1073 1445 1442 1530 determinandam·

171 1573 335 1682 giraret,
354 1567 505 1654 'merulo
533 1571 712 1680 proxime
742 1573 997 1684 praeterrapro
1025 1573 1222 1682 negotium
1242 1573 1362 1658 hocce
1380 1573 1443 1658 bi·

170 1721 315 1783 norum
345 1721 572 1810 organorum
608 1695 952 1786 astronomicorum
1003 1701 1226 1811 pinnacidiis
1271 1703 1446 1813 munitm

167 1851 262 1910 rum
291 1842 331 1909 et
362 1828 403 1910 in
434 1826 577 1936 Angiia
621 1824 891 1913 confediorum
943 1829 1135 1914 beneficio
1182 1832 1444 1942 peragendum

168 1951 335 2064 suscepit.
400 1951 582 2042 Latitudo
611 1974 763 2059 autem,
794 1983 911 2069 quam
941 1957 1096 2070 Iuagius
1128 1983 1182 2044 ex
1211 1961 1282 2043 suis
1313 1956 1445 2043 obstr·

168 2081 422 2191 rationibus,
474 2109 639 2194 querum
665 2084 805 2195 singula
835 2111 916 2170 non
947 2087 1186 2198 perscripfit,
1239 2085 1325 2170 rrbi
1356 2090 1446 2172 huic

170 2208 360 2319 assignat,
388 2221 439 2312 ὀὶ
467 2216 561 2294 min.
595 2213 714 2324 prim.
749 2215 916 2330 nostram
944 2215 1304 2300 determinationem
1333 2214 1444 2324 snpe-
1617 2298 1619 2310 Ι

169 2335 263 2421 ret:
299 2333 362 2422 Cl.
397 2335 598 2425 Kirrhium
628 2363 726 2427 vero
756 2347 938 2448 proxime
969 2343 1017 2422 ad
1047 2344 1218 2419 nosirom
1258 2339 1446 2421 calculum
1574 2423 1577 2428 .

167 2465 365 2570 accedere,
395 2489 448 2549 ex
479 2469 555 2546 eine
583 2463 843 2543 dissertatione
875 2461 923 2544 de
954 2460 1077 2544 hocce
1093 2481 1323 2572 argumento
1346 2486 1447 2548 con·

167 2592 327 2699 scripta,
358 2607 409 2684 et,
432 2587 594 2672 Misceri.
618 2577 756 2668 Berol.
789 2588 938 2695 inserta,
965 2585 1070 2672 facile
1089 2589 1338 2676 demonstrari
1358 2607 1449 2702 por·

169 2715 262 2826 esi,
296 2716 353 2801 sed
385 2716 484 2800 nihii
517 2715 587 2821 esi,
616 2714 721 2823 qnod
751 2712 889 2799 diutius
918 2717 957 2799 in
986 2715 1059 2801 hac
1091 2717 1342 2828 disquisitione
1360 2743 1453 2804 mo·

166 2869 342 2956 remur,
385 2845 508 2952 magis
538 2840 728 2927 interesset
758 2841 1032 2956 Longitndioes
1062 2846 1290 2956 specularum
1324 2847 1449 2932 astro·

163 2975 418 3058 ‚nomictmm
453 2969 746 3077 Tychonicamnr
775 2960 873 3058 nunc
905 2971 1056 3058 eodem
1077 2975 1316 3083 praecisionis
1356 3001 1447 3086 gra·-

172 3102 247 3210 du,
276 3125 353 3210 quo
380 3097 636 3204 Latitudines,
667 3097 891 3210 inuestigare
921 3123 1030 3212 arque
1046 3099 1233 3206 stabilire,
1271 3102 1449 3206 sedhanc

170 3228 475 3341 disquisitionem
508 3229 554 3311 ad
584 3224 687 3310 atiud
717 3249 870 3338 tempus
899 3229 1107 3312 reiicimus.
1181 3226 1357 3326 Sufficiat,
1383 3231 1449 3318 hic

171 3373 375 3466 tanquam-
393 3355 433 3437 in
465 3354 617 3438 'transrtu
651 3344 873 3455 monuisse,
908 3352 970 3436 ct.
1005 3352 1203 3438 Kirchium
1235 3381 1288 3438 ex
1320 3357 1453 3442 obser.

170 3503 270 3569 verte
320 3481 459 3593 Eclipsi
491 3483 603 3566 solari
634 3476 884 3565 differentiam
917 3479 1225 3568 Meridianornm
1260 3481 1450 3570 Hambur·

170 3635 274 3723 gum
326 3610 425 3693 inter
474 3629 515 3693 et
564 3602 810 3692 Betolinense
855 3603 1161 3702 Obseruatorium
1194 3603 1452 3698 determinasse

177 3726 378 3844 12‘.45“.
414 3756 539 3848 temp.
573 3737 625 3818 ita
660 3756 704 3818 ut
734 3761 785 3821 ex
817 3736 889 3822 hac
906 3735 1178 3822 'obseruatione
1209 3755 1250 3822 et
1298 3763 1455 3852 praece·

172 3866 288 3953 denti
321 3864 468 3950 reiculo
497 3862 710 3957 ditr'erentir
739 3864 1042 3951 Meridianorum
1075 3855 1249 3951 Betoline
1278 3867 1322 3950 sn
1368 3868 1451 3954 Ob-

171 3993 387 4100 seruatorii
405 4013 446 4076 et
476 3994 643 4104 speculae
674 3977 952 4110 astronomicae
967 3980 1217 4114 'Tychmieac
1252 3891 1456 4082 tiK'andeev

171 4119 375 4233 burgenfiu
406 4117 451 4206 srt
488 4106 662 4222 12‘.35“
692 4142 815 4235 temp.
847 4111 924 4208 sine
953 4107 1177 4235 Lnn'grtudo
1191 4115 1459 4211 Wandesnnr·

171 4241 465 4363 narare'.
793 4249 797 4256 ’
1119 4249 1123 4260 ’

189 4414 197 4424 ·
332 4378 598 4491 Disquisrtione
629 4378 894 4468 latitudinum
921 4378 1153 4494 specnirnrm
1178 4383 1456 4470 astronomica·

172 4529 276 4599 mm
303 4505 605 4626 Tycbunicurm
629 4513 680 4598 ad
695 4511 847 4596 exitum
865 4510 1068 4621 perducit,
1095 4516 1287 4632 promisso
1303 4535 1458 4618 teneor,

186 4686 190 4692 ·
347 4669 349 4673 ’
796 4639 973 4746 Rrra
1394 4663 1474 4726 ero
