4175 5642
316 530 1179 696 oarort'r'rrroruna'
1291 573 1380 691 roa

266 809 501 894 Membrana
547 805 870 917 branchioiiega,
924 823 1074 890 tanturn
1123 787 1267 915 abeli,
1312 828 1389 900 tt.

118 959 237 1026 more.
265 934 397 1025 blito.
435 931 519 1015 wsub
547 932 689 1041 postica
721 954 784 1018 aut
818 931 960 1016 laterali
989 932 1159 1044 operculi
1187 933 1390 1033 branchias

118 1091 204 1153 rum
237 1082 339 1178 parte
371 1059 613 1166 collocetur,
665 1063 841 1181 quamdin
872 1059 980 1146 huius
1009 1086 1179 1172 apertura
1209 1061 1284 1146 late
1317 1087 1389 1176 pa·

118 1214 229 1297 teat,
261 1203 307 1276 vt
337 1189 384 1272 ad
412 1189 533 1271 antica
565 1187 720 1297 potius,
751 1190 791 1272 io
825 1193 952 1270 menti
979 1191 1028 1271 lt.
1062 1189 1175 1296 fiuu,
1207 1191 1250 1275 sn
1281 1214 1390 1302 quae·
1509 1177 1512 1181 ’

118 1329 231 1408 rendr
250 1307 279 1422 ,'
294 1317 396 1401 cuius
428 1318 512 1399 imo
545 1332 700 1422 tuaque
719 1308 827 1420 ,iub
857 1315 998 1424 angulo
1028 1337 1141 1401 acuto
1171 1317 1393 1424 coniundia,

118 1441 318 1560 alligitur,
370 1445 567 1553 postquam
599 1442 735 1526 amirae
762 1441 818 1525 ab·
841 1441 1011 1550 operculi
1042 1442 1250 1552 lateribus,
1307 1446 1392 1556 qui·

120 1581 185 1664 bus
235 1567 508 1676 adnascuntur,
557 1567 744 1653 recedere.
841 1569 1049 1655 Officulum
1090 1574 1389 1660 inemembnrno

116 1707 181 1794 ilia
218 1725 335 1786 vnum
367 1699 579 1782 alterumue
612 1699 836 1808 distinguere
868 1699 1021 1808 quidem
1054 1701 1191 1811 potui,
1225 1725 1392 1814 verum,

108 1825 168 1918 'ou
203 1855 339 1916 eonem
376 1825 635 1936 paruitatet'n,
667 1828 717 1910 de
751 1837 918 1908 numero
948 1827 1041 1910 certi
1074 1828 1166 1938 quid
1196 1827 1393 1919 affirmare
1463 1881 1465 1883 >

115 1963 187 2045 rix
224 1961 375 2065 audeo;
400 1955 454 2038 irc
486 1963 652 2064 quoque,
684 1953 737 2036 ob
767 1953 930 2037 eandem
948 1954 1166 2061 rationem,
1193 1955 1396 2046 branchia·

116 2113 206 2174 rum
244 2083 465 2169 lintdturam·
494 2079 698 2163 deicribere
729 2105 905 2191 nequeo,
937 2083 1083 2199 modo,
1111 2108 1242 2178 earum
1267 2085 1395 2202 utriuf

116 2240 190 2330 que
210 2235 390 2326 ⁴quatuor
421 2207 562 2314 adello,
594 2208 820 2293 moniturus.
971 2227 976 2240 ·

268 2402 451 2516 Superior
480 2428 598 2516 aeque
631 2431 675 2490 ac
709 2404 862 2490 inferior
896 2405 1054 2485 maxilla
1085 2402 1292 2490 denticulis
1321 2401 1398 2484 mi·

117 2523 238 2620 nimis
267 2554 307 2616 et
336 2534 454 2614 acutis
494 2551 638 2610 armata
692 2528 762 2610 eii.
864 2523 1037 2610 Narium
1076 2523 1299 2632 flammina,
1348 2528 1398 2612 ab

115 2649 288 2772 raroque
344 2657 461 2740 latere
488 2655 600 2757 duo,
649 2653 750 2735 inter
780 2653 867 2736 labii
900 2649 1094 2764 superioris
1125 2655 1247 2739 latera
1268 2675 1310 2738 et
1342 2655 1396 2738 iu

114 2790 325 2901 puriorem
359 2807 404 2866 ac
437 2767 607 2862 anticum
643 2779 744 2862 oculi
773 2774 920 2863 oroi't'ae
955 2773 1198 2891 marginem,
1245 2783 1402 2893 conspi-

114 2917 255 3000 cienda
288 2909 376 2993 sunt.
448 2901 595 3014 Capitis
629 2899 858 3010 nmmum,
917 2912 1059 3016 quod,
1093 2909 1150 2990 tti
1185 2903 1291 3020 supra
1320 2911 1402 3000 iam

116 3043 192 3128 suit
227 3038 411 3138 dicium,
460 3032 625 3142 planum
651 3031 738 3138 est',
772 3036 1007 3143 'marginem
1064 3033 1179 3118 habet
1222 3041 1405 3148 ‚utrinque

121 3167 418 3281 prominentem
436 3177 490 3258 ‚et
522 3173 713 3261 acutum,
772 3175 964 3267 neruoque
995 3160 1073 3243 aiio
1104 3165 1403 3274 longitudinali,

120 3321 198 3406 per
228 3292 341 3402 ipfiue
371 3287 547 3372 medium
580 3296 846 3398 excunente‘,
894 3289 939 3372 in‘
964 3291 1059 3372 duas
1089 3294 1264 3401 aequales
1300 3296 1404 3386 diui.

117 3424 233 3508 ditur
250 3439 401 3532 »partera
481 3409 483 3413 ’
563 3401 568 3414 ’
1273 3426 1276 3430 “

285 3599 535 3702 laminarum
570 3611 723 3696 illarum
776 3623 1083 3720 argenteorum,
1124 3614 1273 3702 orbitae
1321 3617 1405 3730 plur

123 3757 250 3856 qnam
284 3729 484 3826 dimidiam
519 3733 701 3849 partem,
752 3738 975 3823 inferiorem
1023 3741 1072 3827 sc.
1121 3761 1162 3834 et
1212 3743 1404 3833 lateralem
1491 3729 1510 3778 >
1605 3808 1611 3816 .

122 3873 241 3983 ipsius
276 3871 525 3973 marginem,
571 3867 833 3978 cingentium,
882 3888 1043 3976 quatuor
1084 3869 1197 3978 stant,
1244 3900 1407 3985 quanam

122 4001 274 4109 postica
303 3995 535 4096 reniibrnlis,
569 3995 717 4078 mediae
735 3995 1001 4100 magnitudinis
1021 4024 1035 4110 3
1068 4000 1216 4088 inferior
1235 4003 1407 4089 eiusdem

124 4127 207 4212 fere
258 4123 437 4232 figurae,
484 4120 543 4204 sed
593 4123 640 4206 ad
688 4135 896 4235 utromque
945 4146 1165 4216 extremum
1209 4147 1407 4238 truncata,

128 4257 342 4361 maxima,
373 4275 467 4358 quae
497 4249 596 4332 hanc
631 4243 817 4364 sequitur,
845 4257 1057 4346 anticuum
1088 4279 1195 4366 tua,
1239 4259 1429 4374 aranga..

124 4381 246 4496 utu,
281 4379 462 4466 omnium
494 4377 657 4464 minima
684 4375 752 4465 ul.
809 4393 814 4404 ·

1280 4639 1411 4756 Oper-
