4175 5642
694 566 750 650 σε
1104 518 1231 694 fate
1261 563 1279 668 t
1312 565 1392 670 o>
1422 549 1538 670 aze«
1649 516 1654 522 ’

692 787 833 875 diernis
859 785 1004 898 aequati
1036 788 1142 874 nullo
1163 790 1294 873 modo
1321 809 1488 901 queant,
1521 807 1658 898 magna
1692 797 1851 887 tamen,
1884 779 1952 871 ll.

692 915 925 1003 Alicooomi
957 915 1152 1024 sollertia,
1182 917 1333 1026 ipsaque
1365 915 1524 1000 vetustas
1556 914 1691 998 barum
1721 913 1953 996 obseruatio·
2076 920 2077 925 '

646 1134 651 1151 t
692 1068 800 1150 num,
829 1042 1023 1125 summum
1054 1045 1139 1153 ipsu
1165 1045 1328 1155 pretium
1359 1046 1576 1129 conciliant.
1639 1037 1696 1122 Vt
1714 1063 1810 1122 teto
1831 1061 1957 1125 tantiae

691 1169 994 1254 obseruationum
1042 1170 1384 1256 astronomicarum
1436 1173 1624 1257 tbelautua
1669 1185 1709 1250 et
1755 1169 1864 1248 nobis
1914 1185 1957 1251 et

690 1297 850 1406 posteris
900 1298 940 1378 in
991 1297 1101 1384 ulum
1153 1300 1288 1382 cedere
1318 1319 1455 1408 queat,
1497 1296 1739 1380 necessarium
1772 1294 1957 1400 inprimis

688 1416 794 1534 etat,
815 1442 857 1505 vt
874 1421 959 1506 fitur
975 1421 1350 1528 Obseruatotior'um‚
1365 1428 1432 1509 rbi
1447 1426 1633 1507 institutae
1650 1427 1750 1526 lunt,
1767 1443 1956 1528 quantum

686 1549 770 1636 fieri
799 1547 952 1661 potest,
982 1551 1118 1636 exarte
1149 1546 1497 1659 determinaretur,
1529 1553 1629 1659 quod
1660 1552 1738 1630 iarn
1771 1567 1858 1630 ante
1879 1546 1961 1630 sae-

685 1677 815 1760 culum
849 1669 1041 1785 perspexit
1074 1675 1282 1759 Academia
1314 1671 1564 1759 Scienriarum
1613 1673 1810 1776 Patifina,
1855 1675 1959 1762 dum

684 1799 865 1886 celeberr.
899 1800 1179 1888 Allronomum
1211 1797 1411 1891 Picrrdum
1446 1804 1486 1885 in
1534 1799 1695 1892 insulam
1743 1799 1956 1902 liuennam

684 1929 812 2033 mifit‚
846 1947 891 2012 vt
925 1927 966 2010 in
1001 1928 1227 2040 Vraniburgi
1243 1928 1336 2013 arcis
1353 1927 1610 2012 Latitudinem
1629 1946 1740 2036 atque
1762 1923 1964 2037 Longitu.

683 2055 816 2140 dinem
849 2055 1003 2140 lollicite
1035 2059 1267 2167 inquireret3
1311 2054 1363 2139 all
1395 2057 1519 2141 minus
1547 2052 1706 2137 feliciter
1736 2051 1837 2138 cellit
1887 2058 1961 2142 hic

681 2181 818 2286 labor,
864 2185 968 2268 unde
1000 2179 1132 2269 Celeb.
1173 2180 1422 2292 Grilcbowio,
1454 2206 1575 2266 nouas
1604 2183 1703 2268 circa
1734 2180 1830 2267 hanc
1863 2207 1959 2272 tem

682 2307 950 2423 disquisitiones
977 2311 1224 2404 inllituendi,
1251 2335 1411 2421 campus
1443 2309 1591 2395 relidas
1622 2306 1710 2392 luit.

831 2504 1006 2588 Procedit
1034 2503 1075 2589 in
1106 2504 1185 2590 boc
1216 2503 1376 2616 negotio
1404 2501 1467 2590 (ΣΙ.
1501 2504 1575 2590 Vir
1605 2528 1650 2589 er
1686 2504 1870 2608 ratione,
1910 2522 1964 2589 vt

680 2655 735 2716 ex
764 2634 927 2740 propriis
955 2632 1023 2715 suis
1054 2634 1255 2718 obmittit
1283 2633 1579 2721 declinationem
1621 2661 1650 2716 α
1699 2633 1834 2719 banis
1888 2649 1964 2714 rut
2057 2624 2077 2653 ²

577 2799 581 2804 ·
678 2755 841 2868 Regali,
873 2777 984 2862 atque
1003 2759 1138 2868 stellae
1162 2759 1308 2868 palaris
1339 2782 1486 2867 magno
1518 2760 1643 2866 rigore
1690 2753 1963 2868 determinet,

678 2902 837 2991 tumque
872 2889 1014 2987 partim
1045 2908 1099 2964 ex
1127 2884 1302 2980 Picaerdi,
1333 2889 1468 2989 partim
1517 2906 1571 2961 ex
1602 2883 1716 2991 ipliua
1747 2877 1963 2994 Tychonis,

679 3007 1020 3102 obleruatinnibus,
1050 3008 1150 3087 circa
1182 3008 1305 3088 dicias
1334 3010 1457 3091 modo
1485 3003 1603 3088 stellas
1619 3008 1808 3112 institutis,
1842 3009 1969 3100 Lati·

678 3135 852 3219 tudinem
888 3129 1140 3238 Vraniburgi,
1194 3156 1245 3216 ex
1290 3133 1473 3241 prioribus
1506 3120 1959 3238 55⁸.54¹.12‘'.3'‘'‚
2076 3122 2077 3129 Ν

679 3283 732 3344 ex
759 3256 1022 3369 posterioribus
1060 3259 1147 3359 55⁰.
1174 3255 1263 3364 54².
1287 3257 1358 3361 17‘
1363 3266 1393 3343 ‘.
1410 3261 1508 3365 4⁰².
1543 3259 1674 3344 calculi
1703 3283 1782 3371 ope
1810 3283 1964 3375 eruat,

680 3411 725 3472 ee
754 3389 908 3496 qutdem
943 3411 1031 3468 cum
1067 3392 1339 3500 accuratione,
1391 3409 1434 3470 ut
1464 3391 1512 3471 de
1540 3386 1763 3474 Latitudine
1794 3391 1967 3478 celebris

678 3509 790 3598 huius
818 3513 1073 3600 Oblerurtorii
1104 3519 1199 3604 intra
1231 3540 1348 3630 pauca
1386 3495 1542 3601 secunda
1577 3519 1683 3644 certi
1713 3515 1786 3602 effe
1832 3543 1967 3628 quea·

427 3677 430 3688 .
681 3665 779 3730 mus·
1361 3674 1364 3683 .
1776 3683 1779 3689 .

826 3831 998 3924 Daniam
1049 3838 1265 3947 relinquens
1321 3833 1383 3923 Ill.
1434 3833 1634 3925 Braham
1683 3863 1753 3951 per
1802 3836 1963 3949 aliquot

679 3982 832 4071 ternpus
867 3987 1128 4051 commoratus
1164 3968 1219 4048 est
1266 3969 1306 4049 in
1359 3991 1443 4050 arce
1491 3967 1816 4074 Wandetburgo,
1868 3993 1965 4054 non

677 4089 818 4203 procul
867 4117 888 4176 a
928 4092 1065 4177 celebri
1115 4087 1347 4177 Germaniae
1379 4097 1558 4203 emporio
1588 4095 1818 4200 Hambutgo
1848 4093 1948 4193 fita.

676 4241 773 4329 quae
790 4242 885 4302 nunc
916 4217 1191 4306 Wandesbeck
1223 4220 1376 4327 dicitur,
1405 4221 1534 4332 ibique
1566 4220 1841 4307 obseruationes
1863 4217 1963 4305 ha-

677 4347 786 4450 buit,
816 4345 929 4429 utiles
960 4345 1127 4448 litturae,
1162 4349 1282 4432 modo
1310 4347 1360 4432 de
1392 4345 1475 4452 loci·
1501 4347 1609 4433 buius
1640 4348 1827 4462 politione
1843 4361 1974 4430 con-³

546 4569 551 4583 ‚
676 4473 761 4562 liet·
825 4475 1056 4588 aggreditur
1085 4481 1210 4586 itaque
1238 4473 1347 4564 huitr
1391 4499 1541 4590 qroque
1588 4477 1669 4566 loci
1694 4473 1965 4563 *Latitudinis

1819 4599 1968 4716 decerf
