4175 5642
326 578 1170 682 Dnscatt’rtotuus.
1291 619 1383 704 327

119 815 208 900 dum
243 816 469 924 increscunt,
500 815 604 900 hunc
634 811 830 900 altitudine
861 815 1026 902 multum
1046 819 1231 931 superant.
1277 823 1387 912 Lon·⁴

114 946 261 1052 gitudo,
294 949 354 1029 seu
390 945 516 1053 potius
542 942 727 1051 altitud0,
757 943 860 1028 istius
877 951 1014 1056 partis,
1046 975 1141 1058 quae
1161 977 1209 1034 ex
1224 953 1387 1064 squamis

111 1073 278 1180 rigidis,
311 1071 532 1176 imbricatis,
563 1069 739 1176 constat,
767 1091 812 1156 et
841 1079 1104 1160 communiter
1133 1078 1252 1184 calyx
1268 1107 1385 1170 roca-

110 1218 201 1306 tur,
234 1204 273 1284 in
303 1199 459 1307 planta,
488 1223 603 1308 quam
634 1195 839 1305 describo,
872 1219 954 1286 erat
985 1226 1130 1288 nouem
1164 1206 1282 1292 lineas
1310 1235 1383 1322 pa-

108 1327 262 1432 rifinas,
291 1327 382 1410 licet
416 1327 606 1411 interdum
637 1345 679 1409 et
711 1327 754 1410 io
786 1329 910 1413 maius
938 1332 1128 1418 volumen
1170 1337 1381 1428 excrescat:

108 1453 224 1562 figura
258 1456 337 1538 eius
376 1453 431 1538 est
477 1453 715 1560 cylindtica,
767 1478 971 1567 antequam
1027 1461 1108 1544 iam
1161 1467 1385 1552 nominatae

105 1583 278 1692 mamae
307 1609 330 1666 a
362 1584 400 1664 se
430 1582 596 1668 inuicem
628 1581 835 1688 discedunt,
863 1605 904 1668 et
933 1586 1112 1674 flosculos
1129 1589 1321 1679 tubulosos
1342 1592 1385 1678 et

102 1707 306 1817 lingulatos
334 1709 552 1820 emittunt;
601 1708 726 1817 postea
753 1711 866 1797 refert
898 1710 1059 1822 figuram
1094 1718 1185 1800 coni
1226 1719 1374 1807 inuersa.

101 1835 340 1946 Magnitudo
368 1860 500 1921 aarum
532 1839 704 1948 primum
735 1839 974 1934 describenda
1023 1845 1128 1948 erit,
1175 1827 1383 1958 antequam

101 1968 145 2050 ad
176 1967 326 2063 fitam,
354 1963 559 2071 colorem,
598 1963 856 2071 sttusiuram,
889 1965 1052 2075 figuram
1085 1981 1142 2053 cb.
1174 1997 1379 2061 numerum

101 2096 335 2203 progrediar.
432 2095 481 2177 ln
531 2091 709 2174 inferiore
761 2115 870 2202 parte
922 2096 1061 2201 calycis
1114 2097 1257 2208 positae
1296 2103 1381 2186 fiant

100 2220 276 2329 squamae
306 2219 427 2331 duplo
457 2225 627 2304 minores
656 2221 841 2329 reliquis,
887 2223 925 2304 io
956 2225 1087 2308 media
1116 2245 1158 2308 et
1206 2227 1380 2338 suprema

100 2369 208 2458 parte
240 2348 469 2461 collocatis3
500 2369 681 2457 augentur
713 2349 819 2432 enim
852 2348 1053 2433 uolumine
1089 2351 1265 2464 semper,
1299 2381 1379 2466 quo

99 2475 210 2560 altius
240 2476 497 2579 adscendunt,
530 2497 571 2560 et
612 2475 873 2583 supremarum
904 2475 1033 2560 limbis
1063 2479 1233 2562 reclinati
1262 2483 1382 2568 florea

97 2603 238 2688 radiati
289 2603 523 2687 incumbunt
623 2595 742 2680 More
774 2600 980 2683 imbricum
1010 2602 1121 2683 dense
1150 2601 1213 2686 fibi
1246 2606 1379 2718 impo-

94 2753 277 2833 nuntur,
327 2709 557 2838 etquidem
591 2723 679 2829 ita,
732 2742 777 2806 ut
807 2724 965 2809 dimidia
1000 2750 1115 2835 pars,
1167 2731 1252 2814 imo
1281 2736 1378 2820 duae

91 2860 269 2960 tertiae,
301 2858 413 2940 unius
444 2855 494 2938 ab
525 2853 644 2936 altera
676 2850 890 2960 obtegatur.
958 2853 1133 2940 'sextuta
1151 2882 1284 2944 earum
1301 2859 1380 2948 sete

93 2983 147 3067 est
199 2984 473 3092 cartilaginea;
530 2978 675 3063 nullum
725 2982 831 3062 enim
895 2981 1154 3089 parenchyma
1218 2983 1378 3076 laminas

95 3109 288 3212 distendit,
321 3129 361 3192 et
392 3127 538 3192 tantum
574 3107 652 3189 sunt
685 3109 932 3190 membranae
962 3108 1115 3209 laeues,
1150 3109 1316 3198 clasticae
1336 3135 1375 3202 et
1481 3117 1485 3124 ’

96 3259 308 3342 concanae,
338 3236 446 3319 lineis
474 3229 802 3344 longitudinalibus
834 3234 1025 3319 nonnullis
1053 3257 1241 3322 exaratae.
1291 3235 1373 3326 Co-

96 3364 188 3452 lor,
224 3388 305 3473 quo
337 3367 493 3467 nitent,
525 3365 564 3444 in
595 3381 701 3469 parte
733 3364 930 3444 exteriore
961 3364 1016 3444 cst
1048 3365 1184 3473 pallide
1219 3369 1376 3471 uiridis,

95 3491 249 3599 pnnsiis
280 3491 398 3598 nigris
427 3491 527 3601 quast
578 3491 856 3594 coagmentatis
904 3487 1051 3593 fabius,
1104 3491 1163 3572 in.
1193 3493 1376 3582 interiore

94 3617 474 3727 luteo-uiridei'tens3
509 3620 546 3698 iu
578 3607 898 3724 apicesummo,
931 3614 1160 3699 subtutundo
1194 3637 1235 3700 et
1267 3625 1374 3708 mol·

94 3746 220 3851 liori,
257 3747 425 3828 exterius
457 3743 511 3827 est
543 3743 640 3825 linea
672 3739 768 3824 fusca
800 3761 840 3824 et
873 3744 1061 3853 profunde
1093 3745 1243 3828 viridis.
1307 3750 1373 3836 Fi.

93 3898 234 3981 garam
268 3872 423 3980 obuetse
453 3891 609 3954 ouatam
642 3869 824 3976 equidem
856 3895 992 3954 omnes
1030 3870 1206 3956 habent:
1270 3895 1373 3964 atta·

96 4027 185 4082 men
222 4026 314 4085 cum
348 3998 541 4080 inferiores
570 4002 661 4081 duas
691 3996 835 4098 lineas,
881 4001 1031 4084 mediae
1084 4019 1128 4083 et
1176 3999 1370 4110 supremae

95 4151 263 4233 quatuor
297 4146 337 4209 et
368 4126 435 4210 sex
465 4128 617 4228 lineas,
650 4123 748 4206 altae
779 4122 894 4227 suot,
929 4127 1025 4210 facie
1056 4146 1212 4212 externa
1242 4133 1371 4218 diuet.
1442 4191 1447 4196 .

94 4253 147 4336 tie
181 4280 263 4338 non
297 4253 390 4337 nihil
418 4271 618 4363 apparent.
718 4252 782 4332 Ab
818 4255 997 4361 unguibus
1023 4253 1185 4361 angustis
1234 4258 1366 4347 sensim

94 4384 360 4491 ampliantur,
406 4384 524 4464 donec
558 4382 596 4460 in
629 4397 734 4486 parte
768 4378 894 4484 paullo
925 4379 1032 4488 supra
1062 4382 1233 4468 medium
1264 4387 1370 4472 latis.

92 4509 214 4594 fimae
242 4511 394 4612 sanstae,
431 4512 557 4592 denuo
588 4502 856 4615 angusttutut3
889 4531 991 4618 apex
1021 4531 1116 4592 uero
1147 4510 1200 4594 cst
1232 4512 1364 4598 subro-

1216 4644 1363 4748 tundua,
