4175 5642
348 571 430 666 DE
462 501 781 723 COMMQDA
804 568 921 663 ACV
953 550 1262 668 Dacaluir.
1359 596 1445 683 305
1652 660 1654 668 1

604 797 1030 1106 Desclrliptio

341 1164 381 1223 1·
412 1142 604 1230 Fabrefiat
642 1145 786 1231 lamina
817 1143 1000 1248 chalybea
1019 1165 1041 1246 ‚·
1065 1142 1376 1257 parallelopipedi
1407 1149 1455 1234 sr-

181 1294 326 1379 gutam
374 1267 548 1378 habens,
597 1273 637 1354 in
688 1292 842 1381 utraque
893 1272 1140 1356 extremitate
1190 1276 1228 1356 in
1267 1276 1451 1385 cuspidem

179 1400 345 1501 abiens,
393 1426 534 1510 perque
586 1420 708 1484 totam
756 1398 1037 1510 longitudinem
1077 1402 1282 1509 aequaliter
1311 1402 1454 1493 crassa.

180 1525 223 1606 io
275 1548 346 1634 qua
397 1548 567 1612 centrum
597 1526 793 1638 grauitatis
824 1526 1121 1636 detennioetur,
1153 1546 1195 1610 et
1220 1548 1379 1614 notetur
1406 1530 1454 1613 li.

179 1650 295 1736 neoia
329 1654 549 1738 transuersa.
687 1735 691 1742 .

323 1935 366 1992 2.
398 1909 556 1995 Lamina
585 1909 633 1996 ad
663 1933 778 1993 acum
808 1907 1097 1994 declinatorium
1128 1906 1206 1995 hoc
1238 1908 1359 1996 modo
1397 1909 1453 1995 sa·
1543 1935 1548 1946 “

176 2034 346 2122 bresad’ta
372 2039 562 2122 induretur
594 2028 632 2122 et
663 2037 854 2122 imbuatur
882 2038 923 2119 vi
954 2037 1198 2147 magnetica,
1251 2061 1328 2150 ope
1358 2037 1454 2122 dua·

134 2153 138 2161 ’
180 2190 272 2249 rum
305 2167 607 2272 magnetiearum
637 2165 894 2270 laminarum,
927 2164 987 2248 seu
1021 2187 1245 2273 magnetum
1279 2163 1456 2250 artificia·

106 2282 110 2292 ’
181 2292 308 2400 lium,
341 2291 387 2374 ad
419 2292 604 2377 laminam
636 2291 690 2375 ita
720 2291 1018 2401 adplicatomm,
1046 2312 1092 2376 ut
1122 2291 1169 2376 ad
1199 2311 1325 2403 partes
1353 2315 1453 2377 con·

182 2403 314 2502 trarias
343 2413 509 2501 inclinati
540 2417 724 2528 angulum
757 2416 965 2521 efficiant,
1011 2421 1195 2503 uerticem
1240 2420 1287 2504 ad
1336 2418 1454 2502 lami-

181 2568 277 2629 nam
307 2544 527 2628 habentem.
625 2541 846 2625 Frictione
876 2559 1052 2623 centrum
1087 2545 1279 2649 grauitatis
1312 2541 1455 2629 lineola

183 2669 389 2754 transuersa
424 2685 603 2753 notatum
635 2665 861 2773 incipiatur,
894 2664 1116 2775 ibidemque
1146 2668 1334 2775 finiatur,
1374 2686 1455 2752 tra·

184 2792 321 2880 hendo
369 2813 570 2902 magnetes,
593 2789 831 2877 dextrorsum
863 2809 901 2894 ct
939 2792 1180 2878 sinistrorsum
1230 2795 1278 2880 ad
1328 2811 1454 2880 extre·

185 2922 339 3006 miratos
369 2943 486 3028 usque
518 2921 696 3003 laminae.
762 2915 864 3000 Hoc·
882 2920 1003 3002 modo
1033 2921 1291 3027 obtinebitur,
1322 2941 1367 3006 ut
1397 2923 1455 3006 la·

186 3045 296 3130 mina
326 3067 406 3127 oon
435 3044 560 3128 solum
593 3046 687 3128 duos
716 3061 865 3126 tantum
917 3045 1030 3155 polos
1080 3045 1251 3149 habeat,
1303 3047 1365 3131 sed
1413 3065 1455 3133 et

186 3187 363 3256 centrum
398 3194 534 3257 eorum
566 3193 778 3257 commune
810 3194 900 3254 com
933 3191 1067 3256 centro
1097 3175 1286 3282 grauitatis
1334 3175 1454 3261 lami-

187 3321 262 3383 nae
291 3298 495 3387 coincidat.
843 3309 849 3323 '

346 3576 389 3652 a.
404 3623 408 3630 .
423 3540 509 3639 Fiat
539 3576 593 3637 ex
644 3553 749 3674 ligno
791 3569 908 3638 conus
954 3567 1171 3646 truncatus,
1216 3554 1319 3640 cuius
1366 3555 1459 3642 bafia

190 3678 344 3765 inferior
393 3680 531 3766 habeat
579 3678 837 3801 diametrum⁸
862 3681 984 3762 multo
1033 3681 1218 3764 maiorem
1269 3684 1458 3768 diametro

192 3807 285 3894 basis
316 3806 555 3920 superioris„
607 3804 654 3891 iu
684 3809 759 3891 basr
794 3809 978 3915 superiore
1011 3807 1121 3890 huius
1150 3811 1238 3890 toni
1267 3809 1335 3892 fiat
1364 3811 1459 3892 inci·

191 3937 271 4020 sura
302 3935 535 4040 transuersa,
585 3935 631 4018 ad
663 3960 778 4018 axem
813 3937 903 4019 coni
936 3935 1148 4030 normalis,
1198 3951 1238 4015 et
1268 3958 1363 4042 quae
1410 3935 1459 4020 ad

194 4061 380 4147 laminam
413 4060 680 4146 accuratissime
713 4061 904 4171 quadret,
951 4063 1005 4142 ita
1036 4059 1250 4159 ut'lamiua
1280 4063 1321 4145 io
1369 4083 1458 4148 eam

195 4187 376 4302 inpolita
407 4213 501 4276 cum
532 4210 637 4272 cono
667 4185 832 4272 firmiter
868 4184 1088 4272 cohaereat.

260 4475 803 4611 mandamentorum.
1054 4479 1141 4626 Q
1335 4499 1379 4584 4.
1413 4481 1462 4562 lo
