<?xml version="1.0" encoding="UTF-8"?>
<!DOCTYPE html PUBLIC "-//W3C//DTD XHTML 1.0 Transitional//EN"
    "http://www.w3.org/TR/xhtml1/DTD/xhtml1-transitional.dtd">
<html xmlns="http://www.w3.org/1999/xhtml" xml:lang="en" lang="en">
 <head>
  <title>
</title>
<meta http-equiv="Content-Type" content="text/html;charset=utf-8" />
  <meta name='ocr-system' content='tesseract 3.04.00' />
  <meta name='ocr-capabilities' content='ocr_page ocr_carea ocr_par ocr_line ocrx_word'/>
</head>
<body>
  <div class='ocr_page' id='page_1' title='image "./novicommentarii06sssrgoog_0395.png"; bbox 0 0 4175 5642; ppageno 0'>
   <div class='ocr_carea' id='block_1_1' title="bbox 685 494 1630 632">
    <p class='ocr_par' dir='ltr' id='par_1_1' title="bbox 685 494 1630 632">
     <span class='ocr_line' id='line_1_1' title="bbox 685 494 1630 632; baseline -0.008 -26"><span class='ocrx_word' id='word_1_1' title='bbox 685 532 773 632; x_wconf 64' lang='grc' dir='ltr'>μδ</span> <span class='ocrx_word' id='word_1_2' title='bbox 1000 494 1630 604; x_wconf 68' lang='lat' dir='ltr'><strong><em>PLANTARVM</em></strong></span> 
     </span>
    </p>
   </div>
   <div class='ocr_carea' id='block_1_2' title="bbox 685 735 2045 859">
    <p class='ocr_par' dir='ltr' id='par_1_2' title="bbox 685 735 2045 859">
     <span class='ocr_line' id='line_1_2' title="bbox 685 735 2045 859; baseline -0.007 -25"><span class='ocrx_word' id='word_1_3' title='bbox 685 769 774 856; x_wconf 86' lang='lat' dir='ltr'>tut,</span> <span class='ocrx_word' id='word_1_4' title='bbox 801 745 982 833; x_wconf 78' lang='lat' dir='ltr'>flauescit.</span> <span class='ocrx_word' id='word_1_5' title='bbox 1043 735 1219 830; x_wconf 77' lang='lat' dir='ltr'><strong>Stamina</strong></span> <span class='ocrx_word' id='word_1_6' title='bbox 1252 739 1382 827; x_wconf 85' lang='lat' dir='ltr'>adsunt</span> <span class='ocrx_word' id='word_1_7' title='bbox 1412 739 1575 852; x_wconf 80' lang='lat' dir='ltr'>qutioque</span> <span class='ocrx_word' id='word_1_8' title='bbox 1603 737 1643 820; x_wconf 88' lang='lat' dir='ltr'>so</span> <span class='ocrx_word' id='word_1_9' title='bbox 1676 737 1810 825; x_wconf 90' lang='lat' dir='ltr'>medio</span> <span class='ocrx_word' id='word_1_10' title='bbox 1841 737 1951 851; x_wconf 81' lang='lat' dir='ltr'>tubi,&#39;</span> <span class='ocrx_word' id='word_1_11' title='bbox 2044 788 2045 859; x_wconf 43' lang='lat' dir='ltr'>p</span> 
     </span>
    </p>
   </div>
   <div class='ocr_carea' id='block_1_3' title="bbox 684 867 2046 982">
    <p class='ocr_par' dir='ltr' id='par_1_3' title="bbox 684 867 2046 982">
     <span class='ocr_line' id='line_1_3' title="bbox 684 867 2046 982; baseline -0.01 -21"><span class='ocrx_word' id='word_1_12' title='bbox 684 880 879 962; x_wconf 81' lang='lat' dir='ltr'>filamenta</span> <span class='ocrx_word' id='word_1_13' title='bbox 907 871 1124 957; x_wconf 82' lang='lat' dir='ltr'>breuiffima</span> <span class='ocrx_word' id='word_1_14' title='bbox 1154 889 1195 958; x_wconf 89' lang='lat' dir='ltr'>et</span> <span class='ocrx_word' id='word_1_15' title='bbox 1225 870 1406 957; x_wconf 80' lang='lat' dir='ltr'><strong>antherae</strong></span> <span class='ocrx_word' id='word_1_16' title='bbox 1436 867 1622 953; x_wconf 84' lang='lat' dir='ltr'>subtdatae</span> <span class='ocrx_word' id='word_1_17' title='bbox 1651 869 1797 954; x_wconf 70' lang='lat' dir='ltr'>etesiae</span> <span class='ocrx_word' id='word_1_18' title='bbox 1814 871 1954 982; x_wconf 83' lang='lat' dir='ltr'>flauae;</span> <span class='ocrx_word' id='word_1_19' title='bbox 2042 882 2046 947; x_wconf 72' lang='grc' dir='ltr'>ῑ</span> 
     </span>
    </p>
   </div>
   <div class='ocr_carea' id='block_1_4' title="bbox 684 996 1955 1115">
    <p class='ocr_par' dir='ltr' id='par_1_4' title="bbox 684 996 1955 1115">
     <span class='ocr_line' id='line_1_4' title="bbox 684 996 1955 1115; baseline -0.005 -27"><span class='ocrx_word' id='word_1_20' title='bbox 684 1005 867 1115; x_wconf 83' lang='lat' dir='ltr'>pistillum</span> <span class='ocrx_word' id='word_1_21' title='bbox 902 1000 1123 1086; x_wconf 82' lang='lat' dir='ltr'>staminibus</span> <span class='ocrx_word' id='word_1_22' title='bbox 1153 1002 1331 1091; x_wconf 87' lang='lat' dir='ltr'>breuius,</span> <span class='ocrx_word' id='word_1_23' title='bbox 1382 999 1558 1107; x_wconf 84' lang='lat' dir='ltr'>stigmate</span> <span class='ocrx_word' id='word_1_24' title='bbox 1588 996 1747 1104; x_wconf 86' lang='lat' dir='ltr'>globoso</span> <span class='ocrx_word' id='word_1_25' title='bbox 1796 997 1955 1103; x_wconf 90' lang='lat' dir='ltr'>scabro,</span> 
     </span>
    </p>
   </div>
   <div class='ocr_carea' id='block_1_5' title="bbox 682 1116 2047 1242">
    <p class='ocr_par' dir='ltr' id='par_1_5' title="bbox 682 1116 2047 1242">
     <span class='ocr_line' id='line_1_5' title="bbox 682 1116 2047 1242; baseline -0.007 -26"><span class='ocrx_word' id='word_1_26' title='bbox 682 1133 789 1242; x_wconf 85' lang='lat' dir='ltr'>quod</span> <span class='ocrx_word' id='word_1_27' title='bbox 822 1131 1060 1216; x_wconf 81' lang='lat' dir='ltr'>extremitati</span> <span class='ocrx_word' id='word_1_28' title='bbox 1094 1129 1274 1237; x_wconf 80' lang='lat' dir='ltr'>globosae</span> <span class='ocrx_word' id='word_1_29' title='bbox 1303 1125 1382 1210; x_wconf 87' lang='lat' dir='ltr'>tubi</span> <span class='ocrx_word' id='word_1_30' title='bbox 1413 1125 1530 1210; x_wconf 82' lang='lat' dir='ltr'>clauis</span> <span class='ocrx_word' id='word_1_31' title='bbox 1561 1123 1669 1206; x_wconf 87' lang='lat' dir='ltr'>instar</span> <span class='ocrx_word' id='word_1_32' title='bbox 1700 1117 1872 1210; x_wconf 79' lang='lat' dir='ltr'>infixum</span> <span class='ocrx_word' id='word_1_33' title='bbox 1890 1123 1954 1208; x_wconf 81' lang='lat' dir='ltr'>ell.</span> <span class='ocrx_word' id='word_1_34' title='bbox 2041 1116 2047 1149; x_wconf 78' lang='lat'><em>⁶</em></span> 
     </span>
    </p>
   </div>
   <div class='ocr_carea' id='block_1_6' title="bbox 684 1249 1959 1495">
    <p class='ocr_par' dir='ltr' id='par_1_6' title="bbox 684 1249 1959 1495">
     <span class='ocr_line' id='line_1_6' title="bbox 684 1249 1957 1366; baseline -0.005 -26"><span class='ocrx_word' id='word_1_35' title='bbox 684 1258 845 1347; x_wconf 80' lang='lat' dir='ltr'>Semina</span> <span class='ocrx_word' id='word_1_36' title='bbox 875 1258 1000 1342; x_wconf 87' lang='lat' dir='ltr'>adhuc</span> <span class='ocrx_word' id='word_1_37' title='bbox 1030 1257 1160 1350; x_wconf 84' lang='lat' dir='ltr'>srttllra</span> <span class='ocrx_word' id='word_1_38' title='bbox 1192 1252 1422 1366; x_wconf 69' lang='lat' dir='ltr'>exspectaui.</span> <span class='ocrx_word' id='word_1_39' title='bbox 1506 1249 1561 1336; x_wconf 86' lang='lat' dir='ltr'>Et</span> <span class='ocrx_word' id='word_1_40' title='bbox 1590 1274 1640 1336; x_wconf 88' lang='lat' dir='ltr'>ne</span> <span class='ocrx_word' id='word_1_41' title='bbox 1668 1271 1773 1360; x_wconf 83' lang='lat' dir='ltr'>purte</span> <span class='ocrx_word' id='word_1_42' title='bbox 1804 1257 1957 1366; x_wconf 86' lang='lat' dir='ltr'>prima·</span> 
     </span>
     <span class='ocr_line' id='line_1_7' title="bbox 687 1377 1959 1495; baseline -0.007 -25"><span class='ocrx_word' id='word_1_43' title='bbox 687 1389 741 1470; x_wconf 85' lang='lat' dir='ltr'>ria</span> <span class='ocrx_word' id='word_1_44' title='bbox 772 1386 945 1471; x_wconf 83' lang='lat' dir='ltr'>destituta</span> <span class='ocrx_word' id='word_1_45' title='bbox 977 1386 1135 1495; x_wconf 85' lang='lat' dir='ltr'>prodeat</span> <span class='ocrx_word' id='word_1_46' title='bbox 1170 1383 1309 1469; x_wconf 88' lang='lat' dir='ltr'>haecce</span> <span class='ocrx_word' id='word_1_47' title='bbox 1358 1377 1591 1489; x_wconf 84' lang='lat' dir='ltr'>descriptio,</span> <span class='ocrx_word' id='word_1_48' title='bbox 1645 1402 1735 1461; x_wconf 89' lang='lat' dir='ltr'>earn</span> <span class='ocrx_word' id='word_1_49' title='bbox 1781 1379 1959 1492; x_wconf 89' lang='lat' dir='ltr'>supplere</span> 
     </span>
    </p>
   </div>
   <div class='ocr_carea' id='block_1_7' title="bbox 522 1498 1961 1623">
    <p class='ocr_par' dir='ltr' id='par_1_7' title="bbox 522 1498 1961 1623">
     <span class='ocr_line' id='line_1_8' title="bbox 522 1498 1961 1623; baseline -0.008 -26"><span class='ocrx_word' id='word_1_50' title='bbox 522 1513 525 1518; x_wconf 75' lang='grc'><strong>’</strong></span> <span class='ocrx_word' id='word_1_51' title='bbox 688 1515 894 1599; x_wconf 87' lang='lat' dir='ltr'>inanimo</span> <span class='ocrx_word' id='word_1_52' title='bbox 937 1513 1124 1598; x_wconf 78' lang='lat' dir='ltr'>habebam</span> <span class='ocrx_word' id='word_1_53' title='bbox 1177 1498 1279 1596; x_wconf 79' lang='lat' dir='ltr'>Clar.</span> <span class='ocrx_word' id='word_1_54' title='bbox 1331 1503 1638 1623; x_wconf 71' lang='lat' dir='ltr'>Mefflrschmidit&#39;</span> <span class='ocrx_word' id='word_1_55' title='bbox 1686 1505 1961 1614; x_wconf 80' lang='lat' dir='ltr'>expolitione,</span> 
     </span>
    </p>
   </div>
   <div class='ocr_carea' id='block_1_8' title="bbox 651 1627 1970 4566">
    <p class='ocr_par' dir='ltr' id='par_1_8' title="bbox 651 1627 1964 3151">
     <span class='ocr_line' id='line_1_9' title="bbox 687 1627 1958 1752; baseline -0.008 -28"><span class='ocrx_word' id='word_1_56' title='bbox 687 1641 775 1724; x_wconf 85' lang='lat' dir='ltr'>data</span> <span class='ocrx_word' id='word_1_57' title='bbox 804 1643 854 1726; x_wconf 92' lang='lat' dir='ltr'>ab</span> <span class='ocrx_word' id='word_1_58' title='bbox 886 1643 1068 1730; x_wconf 70' lang='lat' dir='ltr'>Ammona</span> <span class='ocrx_word' id='word_1_59' title='bbox 1100 1645 1139 1724; x_wconf 87' lang='lat' dir='ltr'>in</span> <span class='ocrx_word' id='word_1_60' title='bbox 1159 1640 1331 1752; x_wconf 84' lang='lat' dir='ltr'>stirpibus</span> <span class='ocrx_word' id='word_1_61' title='bbox 1358 1637 1558 1724; x_wconf 85' lang='lat' dir='ltr'>rarioribus</span> <span class='ocrx_word' id='word_1_62' title='bbox 1575 1631 1817 1722; x_wconf 88' lang='lat' dir='ltr'>Ruthenicis.</span> <span class='ocrx_word' id='word_1_63' title='bbox 1884 1627 1958 1716; x_wconf 88' lang='lat' dir='ltr'>Sed</span> 
     </span>
     <span class='ocr_line' id='line_1_10' title="bbox 689 1759 1958 1876; baseline -0.01 -22"><span class='ocrx_word' id='word_1_64' title='bbox 689 1769 869 1854; x_wconf 87' lang='lat' dir='ltr'>mutanda</span> <span class='ocrx_word' id='word_1_65' title='bbox 901 1771 970 1854; x_wconf 86' lang='lat' dir='ltr'>suit</span> <span class='ocrx_word' id='word_1_66' title='bbox 1000 1769 1215 1876; x_wconf 82' lang='lat' dir='ltr'>sententia,</span> <span class='ocrx_word' id='word_1_67' title='bbox 1249 1768 1370 1872; x_wconf 85' lang='lat' dir='ltr'>ideo,</span> <span class='ocrx_word' id='word_1_68' title='bbox 1420 1768 1507 1876; x_wconf 90' lang='lat' dir='ltr'>quia</span> <span class='ocrx_word' id='word_1_69' title='bbox 1539 1768 1579 1849; x_wconf 91' lang='lat' dir='ltr'>in</span> <span class='ocrx_word' id='word_1_70' title='bbox 1611 1759 1798 1846; x_wconf 85' lang='lat' dir='ltr'>notruullls</span> <span class='ocrx_word' id='word_1_71' title='bbox 1829 1783 1958 1843; x_wconf 89' lang='lat' dir='ltr'>emetr-</span> 
     </span>
     <span class='ocr_line' id='line_1_11' title="bbox 689 1886 1958 2003; baseline -0.009 -23"><span class='ocrx_word' id='word_1_72' title='bbox 689 1897 812 1981; x_wconf 86' lang='lat' dir='ltr'>danda</span> <span class='ocrx_word' id='word_1_73' title='bbox 842 1898 896 1983; x_wconf 84' lang='lat' dir='ltr'>esl</span> <span class='ocrx_word' id='word_1_74' title='bbox 926 1898 1131 1980; x_wconf 86' lang='lat' dir='ltr'>inuentoris</span> <span class='ocrx_word' id='word_1_75' title='bbox 1158 1898 1204 1983; x_wconf 88' lang='lat' dir='ltr'>de</span> <span class='ocrx_word' id='word_1_76' title='bbox 1232 1897 1377 1980; x_wconf 90' lang='lat' dir='ltr'>semiue</span> <span class='ocrx_word' id='word_1_77' title='bbox 1404 1893 1514 1978; x_wconf 85' lang='lat' dir='ltr'>huius</span> <span class='ocrx_word' id='word_1_78' title='bbox 1546 1892 1695 2003; x_wconf 87' lang='lat' dir='ltr'>plantae</span> <span class='ocrx_word' id='word_1_79' title='bbox 1732 1886 1958 1972; x_wconf 86' lang='lat' dir='ltr'>enucleatio.</span> 
     </span>
     <span class='ocr_line' id='line_1_12' title="bbox 651 2014 1960 2110; baseline -0.006 -2"><span class='ocrx_word' id='word_1_80' title='bbox 651 2023 809 2108; x_wconf 60' lang='lat' dir='ltr'>ultore</span> <span class='ocrx_word' id='word_1_81' title='bbox 840 2025 990 2109; x_wconf 89' lang='lat' dir='ltr'>fortuna</span> <span class='ocrx_word' id='word_1_82' title='bbox 1024 2026 1152 2107; x_wconf 87' lang='lat' dir='ltr'>inueni</span> <span class='ocrx_word' id='word_1_83' title='bbox 1183 2026 1225 2109; x_wconf 90' lang='lat' dir='ltr'>in</span> <span class='ocrx_word' id='word_1_84' title='bbox 1255 2021 1461 2110; x_wconf 85' lang='lat' dir='ltr'>seminario</span> <span class='ocrx_word' id='word_1_85' title='bbox 1489 2021 1598 2106; x_wconf 91' lang='lat' dir='ltr'>horti</span> <span class='ocrx_word' id='word_1_86' title='bbox 1630 2015 1806 2104; x_wconf 90' lang='lat' dir='ltr'>nonnulla</span> <span class='ocrx_word' id='word_1_87' title='bbox 1853 2014 1960 2100; x_wconf 90' lang='lat' dir='ltr'>huius</span> 
     </span>
     <span class='ocr_line' id='line_1_13' title="bbox 691 2141 1960 2261; baseline -0.005 -29"><span class='ocrx_word' id='word_1_88' title='bbox 691 2151 841 2261; x_wconf 91' lang='lat' dir='ltr'>plantae</span> <span class='ocrx_word' id='word_1_89' title='bbox 871 2155 1015 2235; x_wconf 88' lang='lat' dir='ltr'>semina</span> <span class='ocrx_word' id='word_1_90' title='bbox 1047 2151 1226 2257; x_wconf 76' lang='lat' dir='ltr'>uetusta,</span> <span class='ocrx_word' id='word_1_91' title='bbox 1256 2171 1298 2234; x_wconf 91' lang='lat' dir='ltr'>et</span> <span class='ocrx_word' id='word_1_92' title='bbox 1328 2149 1502 2261; x_wconf 81' lang='lat' dir='ltr'>perspexi</span> <span class='ocrx_word' id='word_1_93' title='bbox 1533 2147 1660 2253; x_wconf 85' lang='lat' dir='ltr'>clare,</span> <span class='ocrx_word' id='word_1_94' title='bbox 1691 2169 1734 2229; x_wconf 92' lang='lat' dir='ltr'>ea</span> <span class='ocrx_word' id='word_1_95' title='bbox 1767 2141 1845 2228; x_wconf 86' lang='lat' dir='ltr'>effe</span> <span class='ocrx_word' id='word_1_96' title='bbox 1878 2144 1960 2226; x_wconf 88' lang='lat' dir='ltr'>duas</span> 
     </span>
     <span class='ocr_line' id='line_1_14' title="bbox 690 2271 1961 2387; baseline -0.006 -26"><span class='ocrx_word' id='word_1_97' title='bbox 690 2276 854 2387; x_wconf 86' lang='lat' dir='ltr'>capsulas</span> <span class='ocrx_word' id='word_1_98' title='bbox 900 2280 1052 2369; x_wconf 82' lang='lat' dir='ltr'>osseas.</span> <span class='ocrx_word' id='word_1_99' title='bbox 1098 2277 1291 2363; x_wconf 84' lang='lat' dir='ltr'>substantia</span> <span class='ocrx_word' id='word_1_100' title='bbox 1342 2275 1540 2386; x_wconf 85' lang='lat' dir='ltr'>spongiola</span> <span class='ocrx_word' id='word_1_101' title='bbox 1586 2273 1753 2357; x_wconf 84' lang='lat' dir='ltr'>exterius</span> <span class='ocrx_word' id='word_1_102' title='bbox 1785 2271 1961 2374; x_wconf 80' lang='lat' dir='ltr'>tellitas,</span> 
     </span>
     <span class='ocr_line' id='line_1_15' title="bbox 691 2403 1956 2513; baseline -0.006 -26"><span class='ocrx_word' id='word_1_103' title='bbox 691 2405 895 2489; x_wconf 86' lang='lat' dir='ltr'>seeundum</span> <span class='ocrx_word' id='word_1_104' title='bbox 945 2404 1225 2513; x_wconf 82' lang='lat' dir='ltr'>longitudinem</span> <span class='ocrx_word' id='word_1_105' title='bbox 1278 2405 1407 2487; x_wconf 88' lang='lat' dir='ltr'>leuiter</span> <span class='ocrx_word' id='word_1_106' title='bbox 1453 2403 1740 2505; x_wconf 78' lang='lat' dir='ltr'>cohaerentes,</span> <span class='ocrx_word' id='word_1_107' title='bbox 1800 2421 1956 2509; x_wconf 88' lang='lat' dir='ltr'>quarum</span> 
     </span>
     <span class='ocr_line' id='line_1_16' title="bbox 692 2527 1957 2642; baseline -0.003 -28"><span class='ocrx_word' id='word_1_108' title='bbox 692 2531 882 2642; x_wconf 84' lang='lat' dir='ltr'>quaelibet</span> <span class='ocrx_word' id='word_1_109' title='bbox 914 2533 953 2614; x_wconf 90' lang='lat' dir='ltr'>in</span> <span class='ocrx_word' id='word_1_110' title='bbox 1005 2551 1113 2640; x_wconf 85' lang='lat' dir='ltr'>parte</span> <span class='ocrx_word' id='word_1_111' title='bbox 1162 2531 1354 2618; x_wconf 85' lang='lat' dir='ltr'>exteriore</span> <span class='ocrx_word' id='word_1_112' title='bbox 1402 2553 1607 2635; x_wconf 81' lang='lat' dir='ltr'>connexa,</span> <span class='ocrx_word' id='word_1_113' title='bbox 1656 2529 1702 2611; x_wconf 66' lang='lat' dir='ltr'>srv</span> <span class='ocrx_word' id='word_1_114' title='bbox 1733 2527 1957 2611; x_wconf 80' lang='lat' dir='ltr'>transuerso</span> 
     </span>
     <span class='ocr_line' id='line_1_17' title="bbox 682 2656 1960 2772; baseline 0.002 -30"><span class='ocrx_word' id='word_1_115' title='bbox 682 2658 912 2772; x_wconf 82' lang='lat' dir='ltr'>dissecatur,</span> <span class='ocrx_word' id='word_1_116' title='bbox 928 2662 1025 2743; x_wconf 87' lang='lat' dir='ltr'>duos</span> <span class='ocrx_word' id='word_1_117' title='bbox 1058 2656 1213 2741; x_wconf 88' lang='lat' dir='ltr'>nucleos</span> <span class='ocrx_word' id='word_1_118' title='bbox 1244 2658 1435 2766; x_wconf 79' lang='lat' dir='ltr'>oblongos</span> <span class='ocrx_word' id='word_1_119' title='bbox 1454 2717 1467 2760; x_wconf 85' lang='lat'>,</span> <span class='ocrx_word' id='word_1_120' title='bbox 1485 2659 1701 2741; x_wconf 85' lang='lat' dir='ltr'>incuruatos</span> <span class='ocrx_word' id='word_1_121' title='bbox 1718 2717 1730 2762; x_wconf 87' lang='lat'>‚</span> <span class='ocrx_word' id='word_1_122' title='bbox 1747 2656 1960 2764; x_wconf 62' lang='lat' dir='ltr'>angulata.</span> 
     </span>
     <span class='ocr_line' id='line_1_18' title="bbox 694 2781 1961 2897; baseline -0.002 -27"><span class='ocrx_word' id='word_1_123' title='bbox 694 2787 735 2872; x_wconf 92' lang='lat' dir='ltr'>ln</span> <span class='ocrx_word' id='word_1_124' title='bbox 775 2786 1040 2871; x_wconf 89' lang='lat' dir='ltr'>loculamentis</span> <span class='ocrx_word' id='word_1_125' title='bbox 1071 2787 1243 2895; x_wconf 80' lang='lat' dir='ltr'>separatis</span> <span class='ocrx_word' id='word_1_126' title='bbox 1284 2786 1452 2871; x_wconf 87' lang='lat' dir='ltr'>includit.</span> <span class='ocrx_word' id='word_1_127' title='bbox 1518 2781 1703 2897; x_wconf 86' lang='lat' dir='ltr'>Capsulae</span> <span class='ocrx_word' id='word_1_128' title='bbox 1737 2785 1885 2888; x_wconf 89' lang='lat' dir='ltr'>totius,</span> <span class='ocrx_word' id='word_1_129' title='bbox 1916 2805 1961 2868; x_wconf 84' lang='lat' dir='ltr'>ex</span> 
     </span>
     <span class='ocr_line' id='line_1_19' title="bbox 693 2910 1964 3021; baseline -0.001 -22"><span class='ocrx_word' id='word_1_130' title='bbox 693 2912 844 2999; x_wconf 91' lang='lat' dir='ltr'>duobus</span> <span class='ocrx_word' id='word_1_131' title='bbox 873 2911 1162 3020; x_wconf 85' lang='lat' dir='ltr'>hemisphaeriis</span> <span class='ocrx_word' id='word_1_132' title='bbox 1192 2914 1349 2998; x_wconf 80' lang='lat' dir='ltr'>coalitae</span> <span class='ocrx_word' id='word_1_133' title='bbox 1367 2975 1380 3017; x_wconf 91' lang='lat'><strong>,</strong></span> <span class='ocrx_word' id='word_1_134' title='bbox 1398 2913 1560 3021; x_wconf 84' lang='lat' dir='ltr'>liguram</span> <span class='ocrx_word' id='word_1_135' title='bbox 1580 2977 1593 3019; x_wconf 89' lang='lat'>,</span> <span class='ocrx_word' id='word_1_136' title='bbox 1610 2910 1901 3020; x_wconf 84' lang='lat' dir='ltr'>loculamenta,</span> <span class='ocrx_word' id='word_1_137' title='bbox 1929 2929 1964 3000; x_wconf 84' lang='lat' dir='ltr'>et</span> 
     </span>
     <span class='ocr_line' id='line_1_20' title="bbox 696 3038 1687 3151; baseline -0.002 -26"><span class='ocrx_word' id='word_1_138' title='bbox 696 3039 883 3146; x_wconf 84' lang='lat' dir='ltr'>nucleos,</span> <span class='ocrx_word' id='word_1_139' title='bbox 911 3038 1036 3122; x_wconf 87' lang='lat' dir='ltr'>tabula</span> <span class='ocrx_word' id='word_1_140' title='bbox 1067 3039 1212 3124; x_wconf 81' lang='lat' dir='ltr'>adsedit</span> <span class='ocrx_word' id='word_1_141' title='bbox 1243 3047 1501 3151; x_wconf 86' lang='lat' dir='ltr'>repraesentat.</span> <span class='ocrx_word' id='word_1_142' title='bbox 1683 3052 1687 3068; x_wconf 83' lang='lat'><strong><em>‘</em></strong></span> 
     </span>
    </p>

    <p class='ocr_par' dir='ltr' id='par_1_9' title="bbox 678 3165 1970 4566">
     <span class='ocr_line' id='line_1_21' title="bbox 837 3165 1966 3277; baseline -0.002 -25"><span class='ocrx_word' id='word_1_143' title='bbox 837 3167 904 3252; x_wconf 81' lang='lat' dir='ltr'>Eat</span> <span class='ocrx_word' id='word_1_144' title='bbox 935 3165 1197 3250; x_wconf 74' lang='lat' dir='ltr'>charadterum</span> <span class='ocrx_word' id='word_1_145' title='bbox 1232 3170 1495 3277; x_wconf 87' lang='lat' dir='ltr'>generlcorum</span> <span class='ocrx_word' id='word_1_146' title='bbox 1530 3168 1737 3256; x_wconf 84' lang='lat' dir='ltr'>diuersitate</span> <span class='ocrx_word' id='word_1_147' title='bbox 1760 3167 1966 3252; x_wconf 88' lang='lat' dir='ltr'>diiudican-</span> 
     </span>
     <span class='ocr_line' id='line_1_22' title="bbox 697 3290 1961 3406; baseline -0.001 -28"><span class='ocrx_word' id='word_1_148' title='bbox 697 3290 765 3378; x_wconf 87' lang='lat' dir='ltr'>das</span> <span class='ocrx_word' id='word_1_149' title='bbox 793 3312 834 3375; x_wconf 83' lang='lat' dir='ltr'>et</span> <span class='ocrx_word' id='word_1_150' title='bbox 864 3295 1161 3379; x_wconf 82' lang='lat' dir='ltr'>denominandus</span> <span class='ocrx_word' id='word_1_151' title='bbox 1189 3297 1263 3380; x_wconf 82' lang='lat' dir='ltr'>else</span> <span class='ocrx_word' id='word_1_152' title='bbox 1294 3320 1432 3379; x_wconf 88' lang='lat' dir='ltr'>ornnes</span> <span class='ocrx_word' id='word_1_153' title='bbox 1464 3296 1641 3406; x_wconf 88' lang='lat' dir='ltr'>plantas,</span> <span class='ocrx_word' id='word_1_154' title='bbox 1673 3296 1850 3380; x_wconf 88' lang='lat' dir='ltr'>sententia</span> <span class='ocrx_word' id='word_1_155' title='bbox 1880 3313 1961 3378; x_wconf 92' lang='lat' dir='ltr'>tam</span> 
     </span>
     <span class='ocr_line' id='line_1_23' title="bbox 698 3421 1962 3537; baseline 0 -33"><span class='ocrx_word' id='word_1_156' title='bbox 698 3439 800 3504; x_wconf 87' lang='lat' dir='ltr'>eerta</span> <span class='ocrx_word' id='word_1_157' title='bbox 831 3443 986 3532; x_wconf 88' lang='lat' dir='ltr'>tamque</span> <span class='ocrx_word' id='word_1_158' title='bbox 1017 3421 1131 3508; x_wconf 82' lang='lat' dir='ltr'>farma</span> <span class='ocrx_word' id='word_1_159' title='bbox 1163 3423 1251 3530; x_wconf 77' lang='lat' dir='ltr'>eli,</span> <span class='ocrx_word' id='word_1_160' title='bbox 1281 3443 1326 3507; x_wconf 80' lang='lat' dir='ltr'>tt</span> <span class='ocrx_word' id='word_1_161' title='bbox 1355 3425 1587 3537; x_wconf 86' lang='lat' dir='ltr'>probatione</span> <span class='ocrx_word' id='word_1_162' title='bbox 1636 3426 1736 3512; x_wconf 90' lang='lat' dir='ltr'>nulla</span> <span class='ocrx_word' id='word_1_163' title='bbox 1784 3423 1962 3531; x_wconf 88' lang='lat' dir='ltr'>indigeat.</span> 
     </span>
     <span class='ocr_line' id='line_1_24' title="bbox 700 3547 1965 3664; baseline 0.002 -33"><span class='ocrx_word' id='word_1_164' title='bbox 700 3547 848 3664; x_wconf 83' lang='lat' dir='ltr'>Quodsr</span> <span class='ocrx_word' id='word_1_165' title='bbox 897 3551 1025 3660; x_wconf 89' lang='lat' dir='ltr'>itaque</span> <span class='ocrx_word' id='word_1_166' title='bbox 1075 3550 1340 3659; x_wconf 87' lang='lat' dir='ltr'>perlustramus</span> <span class='ocrx_word' id='word_1_167' title='bbox 1389 3551 1602 3662; x_wconf 84' lang='lat' dir='ltr'>plantam,</span> <span class='ocrx_word' id='word_1_168' title='bbox 1651 3574 1690 3637; x_wconf 89' lang='lat' dir='ltr'>et</span> <span class='ocrx_word' id='word_1_169' title='bbox 1739 3549 1965 3661; x_wconf 87' lang='lat' dir='ltr'>siugulatem</span> 
     </span>
     <span class='ocr_line' id='line_1_25' title="bbox 678 3675 1965 3788; baseline 0 -28"><span class='ocrx_word' id='word_1_170' title='bbox 678 3675 1002 3761; x_wconf 77' lang='lat' dir='ltr'>‘studiificationis</span> <span class='ocrx_word' id='word_1_171' title='bbox 1032 3677 1251 3762; x_wconf 77' lang='lat' dir='ltr'>sttusturam</span> <span class='ocrx_word' id='word_1_172' title='bbox 1303 3679 1352 3762; x_wconf 90' lang='lat' dir='ltr'>ab</span> <span class='ocrx_word' id='word_1_173' title='bbox 1404 3681 1583 3764; x_wconf 89' lang='lat' dir='ltr'>omnibus</span> <span class='ocrx_word' id='word_1_174' title='bbox 1633 3681 1756 3767; x_wconf 90' lang='lat' dir='ltr'>adhuc</span> <span class='ocrx_word' id='word_1_175' title='bbox 1805 3677 1965 3788; x_wconf 84' lang='lat' dir='ltr'>coguitis</span> 
     </span>
     <span class='ocr_line' id='line_1_26' title="bbox 702 3803 1960 3918; baseline 0 -30"><span class='ocrx_word' id='word_1_176' title='bbox 702 3806 817 3913; x_wconf 82' lang='lat' dir='ltr'>plane</span> <span class='ocrx_word' id='word_1_177' title='bbox 849 3803 1032 3888; x_wconf 87' lang='lat' dir='ltr'>diuersam</span> <span class='ocrx_word' id='word_1_178' title='bbox 1050 3805 1416 3914; x_wconf 86' lang='lat' dir='ltr'>deprehendimus,</span> <span class='ocrx_word' id='word_1_179' title='bbox 1466 3805 1669 3892; x_wconf 82' lang='lat' dir='ltr'>necessario</span> <span class='ocrx_word' id='word_1_180' title='bbox 1713 3831 1866 3918; x_wconf 86' lang='lat' dir='ltr'>quoque</span> <span class='ocrx_word' id='word_1_181' title='bbox 1898 3809 1960 3907; x_wconf 88' lang='lat' dir='ltr'>ei,</span> 
     </span>
     <span class='ocr_line' id='line_1_27' title="bbox 702 3933 1962 4044; baseline 0.003 -30"><span class='ocrx_word' id='word_1_182' title='bbox 702 3933 750 4014; x_wconf 86' lang='lat' dir='ltr'>ad</span> <span class='ocrx_word' id='word_1_183' title='bbox 781 3933 998 4016; x_wconf 83' lang='lat' dir='ltr'>euitandam</span> <span class='ocrx_word' id='word_1_184' title='bbox 1031 3933 1070 4014; x_wconf 90' lang='lat' dir='ltr'>itr</span> <span class='ocrx_word' id='word_1_185' title='bbox 1101 3934 1349 4018; x_wconf 88' lang='lat' dir='ltr'>discernendo</span> <span class='ocrx_word' id='word_1_186' title='bbox 1383 3935 1432 4018; x_wconf 91' lang='lat' dir='ltr'>ab</span> <span class='ocrx_word' id='word_1_187' title='bbox 1462 3934 1862 4044; x_wconf 71' lang='lat' dir='ltr'>ultramuraneum,</span> <span class='ocrx_word' id='word_1_188' title='bbox 1899 3957 1962 4018; x_wconf 88' lang='lat' dir='ltr'>no·</span> 
     </span>
     <span class='ocr_line' id='line_1_28' title="bbox 704 4058 1966 4173; baseline 0.002 -32"><span class='ocrx_word' id='word_1_189' title='bbox 704 4079 799 4142; x_wconf 73' lang='lat' dir='ltr'>vum</span> <span class='ocrx_word' id='word_1_190' title='bbox 831 4062 1113 4166; x_wconf 85' lang='lat' dir='ltr'>imponendum</span> <span class='ocrx_word' id='word_1_191' title='bbox 1147 4058 1221 4142; x_wconf 91' lang='lat' dir='ltr'>erit</span> <span class='ocrx_word' id='word_1_192' title='bbox 1237 4065 1239 4072; x_wconf 85' lang='lat'>&#39;</span> <span class='ocrx_word' id='word_1_193' title='bbox 1253 4087 1393 4145; x_wconf 89' lang='lat' dir='ltr'>nomen</span> <span class='ocrx_word' id='word_1_194' title='bbox 1425 4063 1658 4173; x_wconf 83' lang='lat' dir='ltr'>genetieum.</span> <span class='ocrx_word' id='word_1_195' title='bbox 1743 4063 1810 4149; x_wconf 87' lang='lat' dir='ltr'>Ad</span> <span class='ocrx_word' id='word_1_196' title='bbox 1858 4062 1966 4146; x_wconf 87' lang='lat' dir='ltr'>haste</span> 
     </span>
     <span class='ocr_line' id='line_1_29' title="bbox 705 4185 1964 4306; baseline 0.006 -40"><span class='ocrx_word' id='word_1_197' title='bbox 705 4203 833 4268; x_wconf 82' lang='lat' dir='ltr'>autem</span> <span class='ocrx_word' id='word_1_198' title='bbox 866 4185 1041 4294; x_wconf 86' lang='lat' dir='ltr'>plantas,</span> <span class='ocrx_word' id='word_1_199' title='bbox 1072 4187 1287 4272; x_wconf 67' lang='lat' dir='ltr'>charactere</span> <span class='ocrx_word' id='word_1_200' title='bbox 1319 4188 1490 4299; x_wconf 85' lang='lat' dir='ltr'>fingulati</span> <span class='ocrx_word' id='word_1_201' title='bbox 1507 4191 1697 4306; x_wconf 85' lang='lat' dir='ltr'>donans,</span> <span class='ocrx_word' id='word_1_202' title='bbox 1725 4191 1964 4276; x_wconf 85' lang='lat' dir='ltr'>referendam</span> 
     </span>
     <span class='ocr_line' id='line_1_30' title="bbox 685 4301 1970 4432; baseline 0.008 -41"><span class='ocrx_word' id='word_1_203' title='bbox 685 4309 779 4391; x_wconf 69' lang='lat' dir='ltr'>else</span> <span class='ocrx_word' id='word_1_204' title='bbox 814 4301 1205 4424; x_wconf 77' lang='lat' dir='ltr'>Mefferschmidiam,</span> <span class='ocrx_word' id='word_1_205' title='bbox 1233 4341 1372 4402; x_wconf 88' lang='lat' dir='ltr'>omnes</span> <span class='ocrx_word' id='word_1_206' title='bbox 1402 4318 1480 4402; x_wconf 91' lang='lat' dir='ltr'>iam</span> <span class='ocrx_word' id='word_1_207' title='bbox 1511 4318 1811 4432; x_wconf 83' lang='lat' dir='ltr'>perspexerunt,</span> <span class='ocrx_word' id='word_1_208' title='bbox 1858 4335 1970 4429; x_wconf 86' lang='lat' dir='ltr'>quot·</span> 
     </span>
     <span class='ocr_line' id='line_1_31' title="bbox 705 4443 1969 4566; baseline -0.001 -40"><span class='ocrx_word' id='word_1_209' title='bbox 705 4458 800 4549; x_wconf 83' lang='lat' dir='ltr'>quot</span> <span class='ocrx_word' id='word_1_210' title='bbox 832 4465 921 4532; x_wconf 79' lang='lat' dir='ltr'>earn</span> <span class='ocrx_word' id='word_1_211' title='bbox 948 4443 1256 4566; x_wconf 64' lang='lat' dir='ltr'>disquifiuetunt,</span> <span class='ocrx_word' id='word_1_212' title='bbox 1285 4467 1358 4534; x_wconf 85' lang='lat' dir='ltr'>nee</span> <span class='ocrx_word' id='word_1_213' title='bbox 1387 4446 1524 4562; x_wconf 87' lang='lat' dir='ltr'>reliqui·</span> <span class='ocrx_word' id='word_1_214' title='bbox 1550 4449 1854 4564; x_wconf 77' lang='lat' dir='ltr'>refragabatur,</span> <span class='ocrx_word' id='word_1_215' title='bbox 1888 4443 1969 4556; x_wconf 88' lang='lat' dir='ltr'>qui·</span> 
     </span>
    </p>
   </div>
   <div class='ocr_carea' id='block_1_9' title="bbox 0 0 2113 5642">
    <p class='ocr_par' dir='ltr' id='par_1_10' title="bbox 0 0 2113 5642">
     <span class='ocr_line' id='line_1_32' title="bbox 0 0 2113 5642; baseline 0 0"><span class='ocrx_word' id='word_1_216' title='bbox 0 0 2113 5642; x_wconf 95' lang='lat' dir='ltr'> </span> 
     </span>
    </p>
   </div>
  </div>
 </body>
</html>
