4175 5642
391 520 1235 638 DVARVMMAcuruAuVur..
1329 565 1420 654 283
1516 546 1524 559 ’

153 772 280 859 modo
314 766 354 855 in
386 768 650 875 orichalcum,
682 768 743 855 vel
772 768 822 855 ad
855 769 1058 857 summum
1080 776 1118 857 in
1148 772 1288 860 sermm
1328 783 1420 888 agit,

153 924 223 983 nec
255 923 352 1009 opus
379 902 462 1005 est,
497 916 541 981 vt
571 896 697 981 clauus
728 900 847 983 dil'cos
878 902 974 984 duos
1007 900 1075 985 fibi
1125 903 1326 1013 oppontos
1369 905 1418 989 sr-

150 1026 236 1111 mul
266 1026 466 1111 exscindar.
527 1044 531 1051 ·
605 1126 608 1134 Δ
1436 1060 1440 1067 ·

299 1151 525 1237 Machinam
558 1172 715 1258 totam,
745 1178 950 1266 omnesque
981 1157 1058 1239 eiua
1090 1171 1249 1265 partes,
1302 1158 1412 1245 dimi·
1430 1150 1607 1231 Tauvll,

142 1276 215 1361 dio
264 1278 533 1372 imminutas.
581 1280 651 1401 fig.
685 1306 710 1363 a
742 1303 781 1366 et
823 1303 866 1381 ³·
902 1308 943 1366 n.
979 1308 1034 1373 1.
1071 1307 1133 1393 a,
1165 1308 1228 1387 3,
1261 1312 1325 1393 4,
1350 1274 1474 1401 '5‚‘¹
1498 1251 1591 1338 Vffl·

141 1406 436 1516 repraesentant.
1167 1444 1172 1455 ·
1310 1429 1320 1442 ’
1377 1424 1389 1491 ῑ·

301 1532 417 1639 ΑΒ,
452 1530 776 1655 ΕΙ),’ραςίιεπ,
807 1554 852 1621 ut
885 1537 924 1622 in
959 1536 1137 1623 machina
1168 1528 1330 1648 priore,
1362 1535 1418 1644 la·
1494 1574 1497 1579 ·

138 1660 276 1747 mitrae
307 1662 422 1771 sunt,
452 1688 542 1747 cum
578 1668 745 1775 partibus
775 1692 835 1772 a,
866 1666 922 1769 b,
960 1666 1212 1753 mediantibus
1225 1664 1416 1772 cochleis,

138 1788 331 1899 capitibus
361 1790 717 1902 quadrangularibus
747 1793 963 1897 instructis,
1012 1793 1253 1875 coniunctae.
1321 1788 1416 1879 GH

138 1914 194 2002 est
232 1918 428 2027 cingulum
464 1942 656 2013 unacum
691 1919 754 2003 suo
787 1919 1057 2029 cochlidirypo
1086 1946 1108 2004 c
1140 1922 1179 2001 d.
1262 1913 1417 2006 Cunetu

133 2040 197 2127 lm
231 2044 381 2155 cingulo
414 2038 501 2131 GH
532 2065 573 2129 et
607 2046 790 2132 cochleae
823 2048 854 2132 F
885 2048 940 2132 est
987 2044 1318 2156 interponendus,
1368 2066 1415 2133 ct

136 2164 237 2257 haec
271 2173 325 2257 illi
356 2175 564 2268 innitatur,
595 2176 862 2287 cingulumque
895 2168 984 2261 Gll
1016 2198 1090 2257 una
1108 2154 1212 2257 'cum
1227 2171 1308 2257 ‘suo
1343 2197 1412 2258 co·

136 2300 360 2415 chliditypo
386 2304 445 2388 cd
472 2305 518 2391 td
546 2328 644 2415 opus
675 2304 972 2391 exscindendum
1002 2299 1229 2413 opprimat,
1267 2301 1325 2411 vri
1363 2302 1414 2391 ad

137 2424 207 2535 fig,
247 2454 288 2513 α.
323 2456 365 2513 η,
407 2459 466 2537 ι,
515 2434 664 2540 punctis
701 2450 877 2514 notatum
922 2431 1049 2513 uidere
1087 2426 1155 2510 cll.
1207 2452 1302 2507 ete
1332 2445 1413 2511 etc.

72 2558 77 2572 ‘
135 2548 221 2637 suot
268 2558 486 2657 foramina,
535 2558 647 2661 operi
697 2552 893 2637 firmando
935 2549 1201 2654 inseruientia,
1248 2574 1413 2659 quorum

131 2684 211 2763 uni
247 2683 312 2765 uel
343 2668 483 2781 alteri,
514 2680 640 2786 prouti
672 2675 859 2763 diameter
896 2679 1022 2787 operis
1060 2676 1277 2761 elaborandi
1322 2678 1414 2765 illud
1562 2669 1567 2681 ’

135 2807 336 2925 requirit,
368 2790 538 2919 uncusf
559 2802 727 2890 inseritur
745 2800 759 2915 ς’
795 2830 913 2913 quem
944 2805 982 2887 in
1016 2802 1169 2904 finon,
1199 2827 1253 2887 ne
1283 2823 1435 2913 uncus,
1561 2817 1564 2821 ’

128 2932 208 3013 nili
240 2935 338 3015 lottc
371 2922 544 3015 foramen
575 2934 740 3040 perledle
770 2931 980 3038 impleret,
1017 2928 1198 3034 vacillet,
1248 2928 1311 3013 sed
1343 2932 1411 3015 fir·

129 3059 254 3140 miter
283 3060 322 3141 io
355 3063 420 3140 luo
450 3076 642 3141 remaneat
693 3059 791 3163 srtu,
837 3054 1142 3163 quadrangulatia
1193 3056 1258 3139 isto
1310 3054 1410 3145 falla

129 3186 228 3266 lunt·
253 3184 453 3278 foramina.
517 3182 565 3267 ln
595 3186 790 3271 eiusmodi
813 3186 919 3267 enim
951 3184 1157 3292 operibus,
1192 3200 1308 3295 prout
1347 3210 1411 3272 rea
1481 3210 1486 3221 ·

131 3306 334 3423 pullulat,
363 3310 526 3396 diuersae
558 3310 728 3396 crallrtiei
763 3336 853 3395 axes
883 3311 1107 3395 obueniunt.

287 3440 420 3553 Quum
453 3438 541 3523 disci
573 3438 707 3549 integri
736 3462 855 3543 raro,
901 3438 1156 3545 utplurimum
1189 3454 1317 3525 autem
1348 3438 1405 3524 le·

131 3564 321 3650 micirculi
354 3568 418 3650 uel
449 3568 695 3676 quadrantes,
745 3584 811 3651 aut
851 3564 1011 3650 ledorce
1056 3565 1281 3651 circulorum
1331 3592 1405 3651 ex·

133 3695 351 3779 scindantur
369 3748 388 3799 ,Α
418 3692 538 3793 θεὶΙο,
557 3694 612 3779 cll
642 3692 870 3806 perspectu,
903 3692 1047 3777 occelle
1077 3686 1186 3798 effe,
1233 3714 1279 3777 ut
1335 3719 1406 3777 co-

130 3818 371 3935 chliditypus
405 3822 629 3931 reducatur,
661 3844 850 3933 opereque
879 3822 928 3907 ab
959 3836 1034 3905 una
1065 3820 1113 3903 ad
1142 3819 1304 3905 alteram
1332 3844 1407 3904 ex·

131 3948 372 4035 tremitatem
407 3948 594 4060 perusto,
634 3960 763 4033 denuo
803 3948 985 4059 adigatur.
1403 3968 1407 3977 ·

285 4078 447 4191 Reliqua
480 4096 610 4161 aurem
644 4095 871 4183 momenta,
918 4074 1115 4177 machinae
1153 4075 1262 4161 huius
1290 4076 1401 4164 usum

132 4208 432 4311 concernentia,
463 4228 639 4317 quume
668 4205 804 4316 prioris
837 4204 1034 4290 machinae
1068 4202 1313 4315 descriptione
1333 4232 1404 4321 pu-

133 4342 278 4442 ceant,
306 4334 536 4446 superfluum
567 4328 664 4417 foret
692 4350 875 4451 repetere.
981 4449 985 4461 ῃ
1092 4358 1098 4371 ·

694 4584 739 4675 N
770 4608 797 4671 u
831 4611 858 4667 a
1256 4582 1402 4678 ACVS
