4175 5642
541 501 973 619 *lidlwlilelq
1237 548 1241 560 ¹
1343 532 1398 592 11

129 727 394 822 Did'erentiale
410 727 479 818 du
505 733 557 818 ad
577 735 713 822 hanun
732 730 1006 818 Differentialia
1034 734 1115 835 dr,
1141 734 1218 845 dy,
1247 734 1312 818 ἐκ
1329 735 1401 821 da·

130 884 211 950 tarn
250 879 391 946 »teneat
436 861 670 946 relationem
687 888 708 972 ,ς
761 861 826 944 seu
876 860 905 944 st
951 879 1115 967 ponatur
1172 864 1398 972 dvzpda·

131 990 477 1099 -l-qdy-t-rdz,
494 1013 546 1073 ert
577 993 669 1076 datu
693 985 1003 1074 relntinueiuter
1019 991 1242 1097 quantitaaes
1267 1014 1316 1096 n,
1348 1007 1396 1097 x‚‘

119 1145 163 1232 y,
195 1141 236 1218 z,
266 1133 310 1231 p,
338 1140 381 1230 q.
413 1141 438 1202 r
467 1120 694 1230 aequatione
724 1140 941 1226 quacunque
991 1117 1198 1225 expreffi,
1248 1119 1400 1228 quaeri<

127 1266 220 1350 tur,
267 1247 475 1356 quomodo
500 1245 654 1334 finum
683 1271 720 1339 n,
742 1269 811 1354 per
841 1243 1036 1330 variabiles
1067 1269 1165 1349 x,y
1195 1261 1234 1328 et
1264 1273 1291 1330 z
1322 1269 1401 1330 ert·
1505 1247 1513 1260 ’

129 1375 333 1488 primatur.
396 1377 505 1459 Tum
536 1401 653 1480 uero,
683 1395 773 1456 cum
806 1377 923 1456 etiarn
954 1383 997 1481 p,
1022 1395 1065 1483 q,
1094 1393 1123 1454 r
1151 1373 1296 1456 tumre
1327 1373 1402 1460 dut

123 1503 336 1587 mustiones
360 1501 679 1585 coordinatarum
711 1522 810 1603 my
840 1516 882 1578 et
908 1522 953 1599 ὅ,
985 1523 1115 1582 evum
1148 1524 1298 1609 quoque
1329 1500 1404 1584 dif-
1488 1583 1496 1593 ,

118 1628 372 1735 ferentirlia,
404 1651 500 1738 quae
532 1624 678 1710 secundi
710 1623 853 1708 ordinis
869 1621 949 1706 suat
976 1622 1199 1716 reustum.
1226 1627 1269 1709 in
1286 1649 1398 1712 eom·

121 1775 271 1870 putum
301 1754 446 1864 ingredi
479 1753 648 1865 possunt,
681 1749 783 1835 ande
812 1751 911 1836 hauc
937 1752 1234 1862 quaest-ionem,
1264 1773 1312 1839 at
1340 1756 1399 1840 la·

123 1882 267 1972 tiffime
313 1901 474 1994 pateat,
515 1884 639 1966 etiam
670 1881 720 1964 ad
750 1880 972 1964 relationem
1005 1880 1309 1969 differentirlr‘um
1337 1885 1409 1968 se*

122 2009 242 2097 cundi
273 2009 528 2121 altiummque
559 2011 736 2094 ordinum
772 2008 928 2092 extendi
958 2005 1173 2096 conueniet.
1253 2013 1398 2126 Quodsi

126 2159 261 2224 mutua
292 2137 456 2223 fluminis
488 2141 604 2224 etiam
633 2163 727 2222 cum
762 2157 941 2248 tempore
982 2141 1175 2248 varinur,
1223 2158 1308 2223 tum
1350 2139 1399 2227 ad

124 2269 204 2352 eius
252 2268 517 2378 cognitionem
571 2267 809 2352 celeritatem
857 2265 1064 2352 anulorum
1085 2259 1189 2376 'pro
1225 2268 1398 2378 quolibet

123 2395 306 2507 pundo,
355 2395 457 2508 quod
504 2393 598 2481 iam'
632 2396 749 2480 ternis
795 2395 1027 2478 coordinatis
1075 2394 1288 2504 definitur,
1333 2397 1398 2481 sed

117 2525 248 2609 eriam
279 2526 335 2610 ad'
357 2524 514 2636 quoduis
542 2544 701 2636 tempus
730 2521 900 2633 assignari
931 2521 1076 2615 debet,
1107 2547 1159 2608 ex
1191 2549 1270 2635 quo
1284 2523 1400 2608 'cele-

116 2653 220 2736 ritas
250 2651 854 2760 nummulariorum
901 2671 1064 2759 quatuor
1121 2651 1395 2754 radmilium,
1526 2681 1530 2686 ·

113 2778 252 2861 trium
284 2776 424 2858 scilicet
453 2777 761 2861 coordiaurarum
793 2793 832 2854 et
864 2778 1062 2881 temporis,
1079 2777 1152 2857 erit
1179 2775 1399 2884 spectanda.

110 2901 325 3020 Quocirca
340 2896 517 2983 Calculus
549 2897 746 3008 integralis
772 2897 1042 3008 generniffinre
1073 2901 1126 2982 ira
1157 2900 1309 2986 deliniri
1327 2928 1402 3013 po-

118 3031 214 3115 terit
233 3047 321 3134 ‚ut
354 3027 494 3111 dicatur
521 3027 593 3112 elle
627 3026 831 3111 methodus
860 3024 977 3110 talem
1001 3026 1250 3114 Fundilonem
1282 3048 1400 3142 quot.

118 3181 276 3265 cunque
305 3154 549 3240 variabiliuru
581 3153 849 3264 inuestigandi,
879 3155 983 3238 euius
1017 3153 1298 3242 Differentialia
1332 3185 1401 3244 cu-

125 3289 264 3393 iusque
292 3283 433 3366 ordinis
463 3283 698 3392 proposrtam
730 3299 887 3365 teneant
935 3282 1177 3366 relationem.
1272 3287 1400 3401 Quic-

122 3413 222 3523 quid
256 3429 378 3494 autem
414 3409 534 3494 ndlrue
563 3413 605 3494 iu
644 3411 720 3494 hnc
767 3433 902 3518 genere
951 3410 1004 3494 est
1047 3411 1307 3520 praestitum,
1350 3417 1401 3503 ad

123 3542 288 3623 unicum
340 3537 420 3621 scre
468 3541 626 3648 cuium,
678 3562 757 3647 qun
801 3535 949 3620 fundlio
980 3539 1094 3621 vuius
1125 3539 1317 3622 variabilis
1347 3566 1403 3627 ex

126 3669 217 3749 datu
246 3663 554 3750 differentialium
590 3665 770 3748 relatione
803 3665 1023 3775 quaerirur;
1072 3681 1115 3748 er
1147 3665 1281 3773 paru-
1328 3670 1404 3754 ud·

127 3793 329 3899 modum,
378 3794 481 3902 quod
525 3793 678 3904 quidem
708 3793 760 3877 ad
794 3789 1005 3910 {nudiores
1039 3792 1207 3902 plurium
1238 3797 1404 3882 inlabi*

125 3921 229 4004 lium
268 3922 483 4029 pertineat,
533 3925 570 4003 iu
606 3921 779 4004 medium
812 3945 833 4002 a
863 3915 1092 4014 Geometris
1124 3919 1179 4004 eil
1231 3922 1403 4010 allatum.

123 4045 173 4130 Iu
210 4072 293 4156 quo
321 4073 407 4134 ctttrr
437 4049 536 4162 quast
553 4043 701 4132 Calculi
732 4045 928 4154 integralis
962 4071 1048 4157 pars
1087 4047 1201 4132 altera
1235 4049 1280 4132 stt
1308 4077 1406 4137 con·

123 4176 351 4281 diruenda,
396 4173 503 4262 lateri
531 4177 738 4286 cogimur,
769 4199 860 4259 eam
892 4175 1005 4260 etiarn
1039 4198 1139 4258 nuuc
1169 4173 1250 4259 fere
1277 4192 1402 4264 turam

123 4303 320 4388 incultam
350 4305 490 4390 iacere.
571 4303 734 4388 Interim
767 4323 901 4389 tamen
932 4321 1080 4386 certum
1112 4303 1198 4409 eil,
1253 4307 1407 4392 uniuer-

120 4429 201 4518 sam
259 4431 487 4520 Theuriam
537 4445 670 4517 motus
713 4429 918 4648 duiqorum
950 4429 1040 4516 lruic
1071 4429 1279 4540 Antrum
1311 4434 1410 4547 parri

851 4579 878 4651 2
1281 4567 1406 4650 maxi·
