4175 5642
672 500 768 604 ωσ
994 471 1624 580 PLANTARVM

672 719 982 820 accuratiorem,
1029 715 1059 798 fi
1106 712 1195 802 folia
1243 713 1442 827 excipias,
1491 713 1541 800 de
1582 736 1692 802 nouo
1723 713 1805 805 fieti
1838 717 1939 830 poise
2040 790 2044 799 .

674 853 842 940 iconem.
904 841 979 935 sed
1007 866 1080 954 qua
1112 842 1250 930 fiducia
1284 864 1323 928 tu
1355 835 1493 952 allegas
1525 840 1622 927 lanc
1650 847 1821 950 iconem,
1837 851 1939 932 obii·
2039 812 2045 861 ¹

567 997 578 1010 “
673 981 749 1068 ciet
779 969 942 1087 aliquit?
965 970 1082 1080 ,Num
1116 991 1156 1054 re
1192 970 1438 1076 iater‚i11ud
1490 964 1652 1080 Sinapi‚
1697 977 1802 1084 quod
1835 975 1941 1060 Her.

676 1129 834 1194 mannus
865 1097 1087 1208 deictipfit,
1116 1117 1159 1186 et
1206 1097 1437 1183 delineatum
1470 1096 1578 1182 dedit
1603 1123 1663 1203 ,a
1694 1099 1939 1205 Boerhamo,

666 1233 843 1326 lirrnaeo
873 1248 913 1311 et
942 1227 1021 1315 aliis
1050 1225 1161 1314 omni
1191 1243 1372 1336 tempore
1402 1224 1448 1308 ad
1486 1222 1622 1340 Sinapi
1653 1227 1809 1314 teiatun
1842 1225 1944 1315 enat

675 1361 812 1446 Fateor
842 1356 920 1440 hoc
949 1354 1109 1440 inioiens
1148 1350 1255 1442 eise,
1305 1351 1520 1464 praesertim
1569 1351 1598 1436 fi
1648 1351 1945 1464 descriptionem

676 1485 737 1575 lli.
788 1485 945 1576 [tumet
995 1481 1040 1568 de
1072 1483 1151 1568 hoc
1190 1476 1320 1591 Sinapi
1361 1484 1402 1566 in
1437 1478 1550 1564 Hott.
1582 1479 1677 1590 Vps.
1712 1505 1800 1591 pag.
1837 1507 1946 1582 191.

676 1615 841 1724 darant,
873 1611 1033 1699 curatius
1053 1609 1273 1720 perpendo,
1291 1625 1332 1692 et
1363 1633 1453 1694 cum
1484 1606 1610 1718 planta
1642 1605 1714 1690 hac
1754 1609 1944 1719 coniero;

676 1739 795 1834 rnuita
826 1742 929 1824 eninr
964 1738 1175 1822 indicantur
1204 1736 1255 1819 ibi
1295 1735 1426 1845 signa,
1467 1759 1563 1845 quat
1594 1733 1805 1824 diffuadent
1853 1760 1944 1819 con·

676 1870 831 1960 sundere
856 1865 984 1977 Sinapi
1015 1865 1111 1950 illud
1142 1862 1441 1986 cumfbraisteat
1474 1859 1542 1953 feci
1572 1863 1666 1952 iliud
1700 1881 1884 1971 tantum,
1898 1861 1947 1947 ob

677 1995 817 2088 florem
847 2017 886 2085 tt
916 1991 1115 2100 frudun,
1142 1990 1320 2086 braisreae
1349 1991 1494 2078 nostrae
1524 1989 1777 2082 simillimum.
1812 1991 1946 2105 Quan-

536 2178 541 2189 .
679 2142 740 2218 tae
767 2120 1004 2218 difficultates
1032 2117 1104 2202 sese
1135 2117 1314 2212 obiiciunt
1353 2118 1422 2226 ei,
1471 2117 1536 2228 qui
1587 2117 1787 2229 plenum,
1834 2143 1944 2228 quim

680 2276 759 2369 pro
798 2272 898 2332 noua
930 2247 1145 2340 habendam
1178 2245 1249 2328 eiie
1281 2247 1435 2351 credit,
1484 2268 1576 2338 cum
1626 2244 1946 2330 denominationi-

680 2378 749 2471 bus
778 2375 1022 2486 incompletis
1050 2393 1088 2460 et
1118 2371 1214 2457 iuiio
1242 2371 1480 2466 breuioribus
1508 2373 1749 2482 antiquorum
1780 2373 1947 2458 confrne

684 2503 834 2612 studet,
867 2503 893 2591 ii
924 2521 1072 2594 raptum
1107 2519 1268 2604 norunt,
1318 2501 1382 2610 qui
1422 2500 1522 2585 huuc
1553 2498 1726 2593 laborent
1757 2502 1798 2584 in
1827 2501 1864 2584 se
1895 2501 1945 2586 su·

623 2725 627 2734 ,
657 2632 851 2742 'scepere
914 2629 1063 2749 Quodsi
1096 2631 1203 2716 eninr
1235 2625 1512 2726 adfirmamus,
1544 2651 1566 2712 a
1595 2631 1754 2717 nemine
1781 2629 1859 2712 huc
1889 2655 1947 2715 rs·

683 2785 757 2871 que
792 2756 1027 2849 mentionem
1061 2753 1199 2852 ueram
1232 2752 1305 2844 etse
1336 2755 1486 2864 plantae
1516 2779 1538 2840 a
1572 2755 1684 2838 nobis
1713 2755 1946 2867 diiquifitae,

682 2887 870 2980 incumbit
898 2883 1007 2968 nobis
1036 2879 1188 2974 iniimul
1220 2880 1413 2998 probate,
1444 2883 1509 2968 iiia
1537 2880 1655 2993 loca,
1686 2887 1792 2970 rude
1819 2959 1820 2968 r
1843 2910 1946 2974 acce·

684 3016 817 3132 pimus
847 3010 1012 3112 imina,
1049 3035 1071 3100 a
1102 3007 1206 3106 nullo
1236 3009 1416 3097 botanico
1447 3009 1570 3104 adhuc
1602 3013 1676 3100 etse
1709 3000 1948 3123 perlustrata,
2046 3044 2047 3068 ¹

686 3165 809 3250 neque
836 3139 957 3234 etiam
989 3136 1091 3229 illinc
1123 3161 1310 3247 umquam
1342 3135 1390 3224 ad
1431 3157 1588 3230 exteros
1618 3141 1725 3226 rniiia
1771 3137 1846 3226 effe
1892 3141 1952 3224 se·

687 3270 812 3362 rrtina.
876 3263 1058 3359 Posterius
1089 3266 1135 3350 de
1165 3259 1341 3358 Sinarunr
1377 3289 1498 3375 regno
1528 3287 1606 3354 uon
1648 3267 1768 3356 valet,
1850 3265 1948 3354 Corn
2046 3331 2047 3366 r

688 3399 794 3484 euim
826 3390 1116 3488 commercium
1150 3409 1373 3484 exterorum
1404 3417 1493 3477 cunr
1525 3389 1627 3486 Sinis
1658 3393 1710 3484 iat
1740 3398 1862 3509 longo
1891 3397 1950 3482 ab.

689 3523 780 3618 hinc
808 3542 986 3633 tempore
1019 3519 1095 3605 ianr
1131 3517 1338 3626 institutum
1371 3519 1445 3628 stt,
1479 3520 1677 3630 ploretque
1693 3524 1954 3634 peregrinato-

688 3675 748 3746 rer
804 3648 1000 3742 attulerint
1048 3647 1136 3733 iude
1196 3645 1339 3756 plautas
1384 3648 1610 3759 indigenas,
1664 3674 1765 3742 nunc
1813 3653 1954 3761 ubique

691 3779 891 3888 cognitas«,
921 3798 1002 3856 non
1033 3770 1288 3880 improbabile
1320 3774 1395 3880 est,
1425 3793 1465 3866 et
1496 3774 1604 3862 huius
1635 3776 1787 3885 plantae
1814 3779 1954 3865 semina

684 3905 788 4016 olim
822 3901 900 3998 effe
931 3916 1151 4009 exportata.
1226 3899 1348 4000 Huius
1393 3900 1512 3994 eisteti
1562 3905 1766 3990 veritatem
1816 3905 1955 3990 exinde

559 4108 561 4111 ,
689 4031 844 4145 probari
876 4029 981 4140 polit
1012 4026 1239 4133 contendo,
1277 4030 1365 4136 quia
1412 4023 1641 4124 Bocrhaur’ut
1671 4035 1709 4113 in
1740 4031 1866 4118 indice
1906 4031 1956 4116 ai·

692 4178 776 4254 tero
807 4155 860 4242 11.
892 4177 979 4264 pag.
1014 4176 1084 4243 ra.
1118 4157 1285 4250 recenset
1314 4151 1514 4250 uanum
1557 4157 1740 4246 sturniem
1788 4157 1957 4246 unaue

665 4282 818 4386 iulio,
851 4281 944 4366 flore
974 4281 1094 4365 luteo.
1158 4282 1200 4368 Si
1238 4284 1383 4365 nudum
1436 4284 1523 4380 iilud
1570 4307 1717 4368 nomen
1767 4289 1951 4398 accipio,

692 4427 806 4534 prout
835 4409 985 4535 planae
1012 4409 1177 4510 inditum
1211 4411 1293 4518 est,
1342 4413 1431 4526 quid
1462 4410 1652 4536 impedit,
1703 4416 1960 4638 quercxffltu

1944 4603 1958 4655 i
