4175 5642
652 523 746 622 aaa
918 477 1690 617 ·catunnn.a·utncu

648 737 874 828 uarietatem
906 731 1017 820 nium
1051 729 1234 842 pollicum
1263 732 1303 816 in
1334 728 1525 816 altitudine
1554 718 1668 812 sentit
1696 726 1737 814 in
1758 715 1922 848 ‘uugtq

650 865 837 972 effluent,
885 859 1128 947 altitudinem
1176 861 1353 946 mercurii
1399 860 1440 942 iu
1473 854 1558 943 tuse
1590 855 1812 943 seniibiliten
1842 881 1921 944 non

384 1099 389 1106 ⁴
549 1049 557 1072 t
649 1010 817 1105 augeat,
849 1003 1062 1076 accuratum
1094 986 1393 1072 obseruationem
1421 988 1656 1070 turbaturus:
1703 984 1827 1095 polita
1857 987 1922 1096 igi.

651 1137 711 1206 tut
740 1119 933 1200 diametro
964 1116 1135 1200 cauitntis
1164 1123 1203 1197 in
1236 1116 1330 1198 tubo
1361 1127 1395 1211 ᾗ
1427 1111 1522 1220 poll.
1551 1130 1593 1195 et
1625 1110 1727 1196 ¹'tulit
1774 1112 1921 1197 diemo·

651 1261 716 1330 tro
748 1251 778 1324 6
812 1241 906 1350 poli.
936 1246 1009 1328 etit
1038 1244 1202 1328 varietas
1231 1241 1271 1324 in
1301 1239 1499 1324 altitudine
1528 1239 1705 1359 tnetcutii
1748 1237 1788 1327 in
1840 1243 1924 1326 vale

651 1389 799 1463 tantum
830 1382 863 1477 ἦ
895 1371 1048 1474 lineae,
1096 1393 1194 1480 quae
1241 1385 1400 1480 ptoptet
1449 1365 1677 1486 petulentum
1726 1365 1921 1463 internosci

649 1501 814 1610 nequit,
866 1501 1050 1607 ,adeoque
1077 1497 1215 1609 absque
1249 1495 1333 1581 ello
1364 1489 1523 1579 ienfibili
1552 1513 1681 1576 errore
1711 1489 1918 1601 omittituq
2047 1550 2048 1599 a

648 1645 744 1710 cum·
773 1625 813 1707 in
845 1625 998 1712 stimmo
1032 1624 1205 1709 adscensu
1238 1621 1484 1708 etdestenln
1516 1622 1696 1704 mereutii
1739 1619 1781 1701 in
1832 1623 1922 1704 tubo

651 1751 840 1838 duntaxat
871 1769 974 1838 tanta
1006 1751 1080 1858 fit,
1132 1750 1318 1835 inomni
1350 1747 1577 1865 intermedia
1606 1747 1799 1833 altitudine
1848 1748 1923 1832 uti·

649 1899 760 1990 not,
792 1901 866 1965 nec
897 1878 982 1966 ullo
1012 1878 1137 1998 modo
1167 1877 1437 1987 distinguenda.

770 2007 922 2092 'Totus
952 1991 1033 2092 'hic
1082 2001 1278 2118 apparatus
1325 2003 1582 2114 imponendos
1629 2000 1778 2107 alieti,
1834 1999 1920 2114 ligni

650 2133 925 2245 probationi,
966 2134 1070 2218 cuius
1116 2134 1218 2244 panti
1265 2129 1448 2215 inferiori·
1474 2132 1647 2215 adnexa·
1673 2133 1728 2215 eil
1778 2131 1916 2242 capsa

651 2285 748 2371 quae
780 2285 846 2345 uas
875 2261 1122 2367 cylindticum
1155 2257 1388 2371 conciuda13
1425 2258 1548 2341 aderit
1577 2281 1662 2368 pars
1693 2255 1824 2343 media
1857 2281 1919 2341 ex·

651 2399 837 2487 eaueutt,
864 2393 920 2469 'tt
951 2387 989 2467 in
1019 2411 1065 2469 ea
1099 2386 1206 2470 tubus
1237 2385 1512 2471 batometricus
1543 2386 1709 2502 capiatur
1739 2407 1857 2495 etque
1873 2386 1914 2470 ad

649 2512 855 2601 dimidium
887 2510 1092 2623 ttnffltiei3
1126 2512 1272 2622 lignum
1306 2499 1472 2597 ebenum
1502 2512 1557 2596 eil
1594 2507 1917 2616 uenationum,

650 2639 1056 2744 conductionem,
1087 2665 1158 2723 nec
1190 2641 1326 2748 trigue,
1356 2640 1518 2745 sennan,
1548 2658 1587 2723 et
1613 2639 1683 2722 vix
1715 2639 1914 2724 humorem

649 2783 806 2852 aereum
836 2767 977 2853 solinunt
994 2765 1065 2852 tu
1098 2767 1174 2852 alio
1192 2786 1347 2851 utamur
1375 2765 1503 2876 liguo,
1536 2767 1680 2851 uuella
1711 2765 1788 2875 eil,
1818 2783 1860 2851 tt
1875 2763 1918 2848 ad

649 2897 761 2980 omni
797 2895 896 3003 parti
926 2893 1110 2997 adlidatur
1139 2893 1269 2978 ‘oleum
1301 2894 1368 2977 lini
1401 2895 1631 3002 aliquoties,
1691 2920 1712 2978 a
1740 2916 1821 3002 quo
1850 2915 1918 3004 po

650 3021 684 3104 ti
716 3022 953 3105 obturantur.
1036 3016 1145 3104 stata
1184 3022 1271 3104 ‘inm
1313 3018 1492 3132 affigatur
1519 3022 1565 3106 ad
1598 3021 1694 3105 latua
1724 3021 1830 3125 tubi,
1878 3035 1917 3102 et

651 3147 805 3258 quidem
835 3148 881 3231 ad
914 3157 1150 3256 tutumque,
1186 3145 1228 3229 in
1259 3141 1398 3254 Belgio
1432 3145 1600 3232 nteusurt
1633 3141 1912 3234 Rhenolaudicn

651 3275 798 3356 utimur
818 3295 838 3376 ,·
862 3273 1093 3382 incipiatque
1122 3295 1145 3356 a
1178 3256 1375 3384 pollicibus
1406 3297 1463 3378 27
1496 3301 1518 3358 a
1548 3271 1740 3385 superficie
1772 3295 1917 3358 meten·

649 3394 697 3482 rii
730 3399 770 3483 in
802 3401 920 3502 vase,
954 3419 994 3483 et
1021 3399 1165 3488 deiiuat
1195 3407 1237 3483 in
1264 3421 1330 3498 '30
1363 3401 1550 3511 poiliced.'
1604 3397 1733 3488 Scalae
1762 3399 1918 3484 latitudo

652 3524 745 3609 loco·
771 3526 1014 3612 obseruantia
1044 3529 1300 3638 telponde'at3
1352 3527 1424 3613 alie
1454 3531 1561 3612 enim
1601 3529 1783 3612 conuenit
1826 3527 1923 3612 lotia
2045 3566 2046 3645 3

650 3655 716 3738 tub
747 3667 978 3761 aequatura,
1007 3655 1069 3736 uti
1103 3677 1226 3762 tegno
1255 3655 1456 3765 Petnaoo;
1479 3655 1563 3740 'alia
1594 3655 1689 3740 locis
1719 3655 1920 3765 polatinen·

649 3796 653 3804 '
797 3780 984 3888 Oportet,
1007 3797 1063 3863 ut
1096 3781 1253 3889 quotide
1270 3782 1466 3890 aliquoties
1484 3782 1725 3869 altitudinem
1743 3779 1923 3866 metcutli
2045 3868 2047 3915 v

651 3905 688 3988 in
720 3905 948 3990 batometto
974 3903 1247 4016 obseroemus3
1273 3905 1412 3992 ,sufficit
1443 3910 1482 3994 id
1501 3931 1632 4015 matie,
1648 3909 1730 4018 ipo
1746 3905 1928 4010 meridie,
1957 3899 1963 3910 ’

650 4051 694 4113 et
726 4033 841 4116 nodio
882 4031 1033 4136 fetide,
1072 4033 1289 4142 quibusdam
1322 4034 1441 4117 semel
1466 4037 1595 4120 alodiis
1625 4061 1699 4144 pto
1727 4035 1919 4136 arbitrio,

652 4177 693 4237 et
722 4160 858 4242 deinde
890 4158 991 4240 ilatio
1007 4159 1156 4262 notu,
1204 4177 1319 4273 atque
1346 4162 1481 4246 ordine
1529 4160 1807 4246 obseuutionee
1855 4159 1925 4244 hae

650 4283 733 4366 sunt
765 4284 982 4368 notandae:
1015 4309 1105 4368 cum
1139 4303 1266 4371 autem
1299 4305 1413 4372 atrox
1443 4312 1575 4373 coorta
1602 4289 1659 4372 eii
1699 4287 1922 4398 tempestat,
2044 4324 2045 4379 ;

651 4409 818 4521 qualibet
848 4411 956 4517 hon,
989 4415 1050 4498 vel
1071 4413 1318 4522 (antidosin,
1345 4413 1619 4530 inspiciendum
1646 4415 1703 4501 eii
1734 4415 1924 4501 baronte·
2044 4416 2045 4479 ἴ

664 4579 673 4594 a
743 4570 750 4583 ¹
1629 4610 1631 4613 Ι
1796 4561 1929 4650 trum,
