4175 5642
163 506 453 611 l'tuuonnu
486 500 790 605 unnonrau
810 567 814 580 ,
831 496 1267 632 Maonrnanuu.
1292 530 1383 618 aar

118 717 230 826 firmi
264 744 480 850 agitantur,
514 746 743 826 tumetium
779 742 849 850 ipti
881 766 1034 850 aquae,
1081 768 1175 852 quae
1214 746 1390 857 pomum

114 864 233 951 fuerat
265 872 477 978 inquiete,
512 890 642 950 motus
668 870 840 979 imprimi
872 872 1021 973 debet,
1050 870 1097 952 ad
1128 878 1229 980 qnod
1259 874 1386 955 uoces·

112 992 210 1079 firio
241 996 455 1079 acceleratio
486 998 695 1113 requiritur.
761 996 948 1083 Posterior
979 1018 1074 1103 ergo
1105 996 1222 1080 clallis
1260 1000 1390 1085 lanifi-

112 1146 186 1206 me
219 1142 351 1233 patet,
384 1142 499 1229 atque
525 1128 630 1205 adeo*
657 1123 766 1233 saepe
795 1114 1021 1229 machinas,
1068 1149 1162 1233 quae
1187 1127 1251 1221 ,ad
1283 1131 1392 1233 prio-

112 1272 195 1335 tem
236 1253 425 1355 pertinere
456 1249 670 1359 debebant,
714 1252 884 1361 recipit3
914 1242 952 1335 id
990 1246 1097 1359 qnod'
1123 1268 1259 1337 earnm·
1291 1255 1403 1339 uitio.

113 1376 276 1481 euenit,
308 1384 461 1483 qnando
490 1377 622 1461 dentes
640 1441 657 1483 ,
684 1382 822 1489 quibus·
847 1400 953 1465 rotae
983 1378 1020 1461 se
1053 1401 1190 1463 mutuo
1219 1396 1397 1488 urgent,

113 1505 277 1585 nonita
312 1503 447 1587 suerint
478 1504 689 1612 elaborati,
734 1532 777 1591 ur
805 1511 898 1593 dum
931 1528 1005 1589 una
1044 1526 1158 1590 motn
1207 1506 1402 1591 uniformi·

114 1649 303 1739 gyratur,
338 1628 505 1739 reliquae
547 1634 628 1743 pari
667 1654 776 1717 motu
824 1641 1023 1740 cicantur,
1068 1638 1130 1719 led
1173 1634 1273 1743 quast
1322 1649 1401 1744 pet'

112 1756 370 1840 succullrones.
391 1758 646 1867 impellantur.
712 1760 807 1847 Alio
832 1785 962 1867 antem
994 1761 1089 1843 loco.
1115 1762 1290 1863 ostendi,
1329 1748 1392 1843 ert·

112 1882 296 1967 inamodi·
314 1882 470 1992 figuram
502 1886 674 1969 dentibus
707 1890 886 1969 binarum
918 1906 1088 1968 rotarum
1121 1886 1174 1967 *se
1220 1881 1395 1986 inuicem·

112 2012 347 2095 undantium
378 2013 488 2094 tribui
520 2031 729 2121 oporteat,
761 2031 807 2098 ut
835 2016 928 2097 dum
957 2006 1075 2095 altera
1108 2029 1219 2094 motu
1241 2011 1394 2095 unifor-

112 2139 174 2220 mi
209 2140 508 2247 circumagitur,
540 2140 694 2223 alterins
725 2166 874 2252 qnoque
908 2158 1034 2222 motus
1063 2136 1204 2222 futurus
1234 2138 1283 2221 iit
1308 2130 1391 2221 vui-

109 2262 270 2348 formis.
339 2265 468 2381 Quam
503 2268 704 2351 necessaria
736 2288 861 2353 autem
913 2268 1002 2351 haec
1037 2264 1082 2349 fit
1128 2263 1398 2351 machinarum

110 2388 341 2499 distinato,
389 2396 439 2477 ad*
477 2407 612 2477 earttrru
656 2394 861 2481 atilionem
906 2394 1016 2479 recte·
1053 2392 1363 2502 perspiciendam
1376 2445 1402 2500 ,ι
1526 2407 1529 2414 ’

110 2534 226 2604 mox:
250 2519 390 2603 clarina
418 2532 653 2625 exponetur·

277 2725 337 2817 a..
352 2696 402 2791 l'u
430 2686 644 2789 'M‘ach'iui's'
660 2698 819 2817 primae·
843 2692 1004 2812 cluffi's',
1027 2714 1135 2814 praru
1156 2694 1203 2786 i‘tr¹
1233 2691 1407 2792 omnibus·
1475 2688 1479 2693 ’

96 2836 293 2955 partibus
321 2844 415 2917 mutu
443 2829 629 2943 uniformi
643 2844 857 2939 petuntur,
877 2838 960 2933 ois·
976 2827 1048 2955 *ad'
1083 2850 1219 2956 ‘eurum
1267 2842 1406 2955 matun·
1498 2882 1502 2890 -

104 2961 397 3073 cotyeruauduur
428 2957 612 3067 requssta·
629 2956 805 3067 praecise
829 2958 1007 3067 aequalis·
1032 2954 1084 3066 est
1113 2957 1171 3051 ei,
1209 2979 1283 3066 qua
1308 2972 1405 3067 opus·

108 3092 170 3207 est
199 3090 257 3175 ad
283 3082 569 3196 aequilibrium,
591 3076 660 3191 seu
690 3102 793 3196 quue‘
815 3078 1042 3201 restst'enriae·
1066 3093 1227 3167 tautum„
1242 3105 1311 3166 non
1331 3074 1407 3201 fir?

104 3216 314 3334 parandae
344 3226 420 3327 par
451 3206 511 3317 est}
599 3314 602 3321 Ι

274 3398 386 3522 Quae
417 3391 528 3511 igitur
567 3388 628 3484 tis
674 3392 896 3513 aequilibrio
943 3402 1188 3515 producendo
1233 3396 1369 3484 sufficit
1385 3456 1407 3507 ,„

114 3538 259 3624 eadem
294 3552 449 3621 motum
480 3530 716 3637 quantumuis
745 3530 910 3616 celerem
943 3534 982 3614 in
1025 3529 1238 3633 machina,
1286 3526 1398 3611 dum·

113 3666 252 3753 modo
284 3659 397 3745 inerit
428 3657 658 3755 uniformis,
692 3657 909 3742 conseruare
938 3658 1054 3743 ualet.
1122 3656 1224 3740 Hinc
1255 3653 1282 3737 li
1313 3676 1402 3739 ma·

114 3794 240 3877 thina
268 3785 435 3901 ponderi
472 3804 557 3865 100
591 3778 770 3869 librarum
802 3782 988 3870 elenando
1028 3782 1210 3869 destinata
1254 3782 1305 3863 ita
1355 3783 1410 3866 stt'

115 3919 332 4023 instructa,
363 3906 409 3994 rt
440 3934 514 4020 pro
545 3912 766 4020 aequilibrio
801 3935 901 4023 opus
927 3913 971 3996 srt
1011 3912 1052 3995 ri
1086 3930 1141 3991 10
1191 3909 1407 4013 librarum,

117 4046 262 4131 eadem
294 4044 352 4129 vis
388 4062 443 4121 10
475 4038 652 4121 librarum
685 4038 843 4124 sufficiet
874 4039 921 4122 ad
951 4040 1057 4121 idem
1080 4036 1229 4146 pondus
1250 4056 1334 4115 100
1353 4032 1408 4131 ite

118 4173 319 4256 celeritate
373 4154 609 4274 qnannrmnis
666 4192 801 4275 magua
857 4164 1100 4249 uniformiter
1161 4150 1406 4254 elenandnm.
1541 4200 1550 4209 ·

116 4296 268 4384 Statim
303 4296 408 4380 enim
442 4314 485 4374 ac
518 4309 647 4376 motus
676 4293 876 4378 machinae
909 4291 956 4374 ad
997 4285 1299 4373 uniformitatem
1347 4289 1405 4374 est

117 4426 367 4539 perluitur,
405 4419 490 4530 qnia
519 4416 679 4530 fiognlae
710 4437 836 4533 patrea
867 4416 921 4505 ob
970 4414 1149 4504 inertiam
1201 4414 1248 4499 ad
1296 4413 1420 4511 hune

1312 4562 1406 4628 mo·-
