4175 5642
666 403 758 626 eat
1076 495 1593 640 &llblfflllilb'

1254 743 1355 834 DE

666 927 1438 1077 AEQVILIBRIO
1534 921 1928 1052 VlRlVM

789 1125 1209 1223 CORPORIBVS
1259 1105 1813 1214 ADPLICATARVM

1029 1270 1576 1374 COMMENTATIO.
1662 1320 1664 1331 ‹

1112 1553 1114 1558 '
1170 1533 1383 1623 Auctore

945 1724 992 1817 s.
1062 1668 1653 1816 uoruuurrrour.

1279 1979 1323 2037 1.

663 2149 873 2384 Nemo,
909 2137 956 2247 rt
983 2164 1123 2272 spero,
1155 2157 1337 2261 dubitat,
1368 2160 1460 2270 quin
1492 2157 1619 2262 illud,
1654 2157 1786 2267 pallim
1822 2155 1937 2244 trarii-¹

670 2335 674 2348 ·
794 2313 877 2378 tum
912 2309 953 2375 et
984 2285 1287 2374 demonstratum
1306 2287 1345 2368 iu
1378 2286 1481 2370 libris
1515 2283 1764 2392 mechanicis,
1781 2288 1939 2370 theore

664 2421 808 2504 made
838 2417 1061 2525 aequilibrio
1090 2415 1207 2496 trium
1261 2412 1417 2520 corpori
1466 2410 1742 2520 adplicatamm
1794 2415 1940 2498 virium

716 2389 729 2396 ν

662 2547 708 2630 fit
739 2542 1012 2649 vtiliffimum3
1042 2536 1189 2619 nullam
1221 2553 1350 2618 tamen
1381 2541 1460 2619 eius
1490 2539 1856 2622 demonstrationem
1888 2541 1936 2624 ita

660 2673 737 2756 effe
766 2685 1062 2780 comparatam,
1116 2681 1161 2744 vt
1195 2660 1294 2744 nihil
1336 2662 1451 2744 obiici
1481 2659 1631 2768 poliat,
1680 2683 1744 2744 aut
1771 2665 1814 2745 iu
1867 2665 1934 2748 du.

662 2799 773 2884 bium
804 2797 946 2881 vocari.
1047 2791 1200 2875 Omnes
1228 2811 1323 2871 vero
1354 2789 1443 2872 istae
1475 2785 1715 2874 difficultates
1744 2789 1934 2884 euanesce-

665 2925 844 3027 rent,sr
894 2919 1130 3030 principium
1186 2917 1376 3000 minimae
1426 2913 1628 3026 astionis,
1668 2941 1690 3000 a
1739 2910 1931 3004 Celebctr.

667 3043 913 3159 Mopertuifio
945 3045 1151 3148 detectum,
1168 3043 1372 3125 admittere
1402 3042 1615 3147 vellemus,
1656 3042 1705 3128 de
1732 3048 1838 3130 cuius
1867 3065 1942 3127 te·

503 3168 507 3174 ’
666 3176 778 3258 ritate
826 3175 903 3256 sere
958 3170 1123 3280 amplius
1169 3169 1341 3254 dubitare
1391 3194 1472 3254 non
1519 3170 1636 3268 licet,
1687 3195 1779 3257 cum
1830 3193 1928 3258 cua

667 3295 862 3384 Celeberr.
909 3297 1048 3384 Balara
1098 3297 1249 3405 aliisque
1302 3297 1553 3407 adplicatione
1592 3297 1692 3382 illius
1723 3297 1931 3409 principii,

549 3490 551 3493 -
668 3449 753 3511 tum
787 3429 834 3510 ad
863 3419 1149 3525 Mechauicam‚
1171 3443 1253 3506 tum
1288 3425 1333 3508 ad
1352 3422 1549 3529 Staticam,
1578 3442 1619 3509 et
1650 3425 1739 3510 iude
1773 3425 1932 3512 dedustis

668 3554 849 3664 legitimis
889 3554 1196 3662 consequentiis,
1246 3553 1295 3632 ita
1344 3553 1470 3635 euicta
1509 3551 1582 3634 else
1634 3553 1839 3660 rideatur,
1885 3571 1930 3637 vt

666 3683 805 3789 absque
846 3680 963 3762 dubio
1021 3683 1121 3760 inter
1151 3681 1330 3760 veritates
1379 3679 1458 3761 iam
1496 3679 1618 3786 rigide
1657 3681 1931 3767 demonstratas

667 3808 798 3893 referri
839 3805 964 3915 polsrt.
1050 3805 1115 3886 Ex
1148 3805 1334 3914 principio
1363 3805 1430 3888 illo
1460 3829 1538 3888 nou
1568 3805 1687 3891 solum
1722 3809 1842 3895 trium
1873 3833 1927 3892 r·

666 3937 767 4019 rium
821 3935 861 4015 in
910 3931 1131 4046 aequilibrio
1158 3933 1443 4016 constitutarum
1477 3935 1759 4044 proprietates,
1801 3935 1861 4040 sed
1892 3951 1928 4019 ct

668 4063 857 4172 plurium,
888 4060 1024 4140 eadem
1054 4057 1228 4142 licilitate
1265 4060 1509 4142 deducuntur.
1574 4062 1613 4145 E
1642 4069 1835 4148 contrario
1865 4087 1930 4175 per

670 4187 873 4270 methodos
905 4186 1028 4268 adbuc
1062 4183 1243 4294 usitatas,
1275 4208 1351 4266 non
1381 4185 1445 4270 nifi
1471 4185 1520 4270 de
1538 4187 1655 4273 tribus
1687 4210 1837 4276 tantum
1866 4193 1925 4273 ri·

667 4313 801 4416 ribus,
833 4333 1014 4422 quantum
1051 4311 1149 4397 mihi
1181 4311 1322 4396 constat
1349 4377 1360 4419 ,
1387 4311 1496 4416 facile
1527 4314 1778 4402 demonstrari
1809 4317 1925 4427 solet,

668 4463 732 4524 eae
761 4441 835 4525 elle
865 4441 904 4525 iu
933 4441 1183 4552 aequilibrio,
1219 4438 1246 4523 sr
1279 4439 1467 4552 quaelibet
1497 4467 1627 4528 earum
1661 4445 1735 4556 lit,
1768 4467 1813 4532 vt
1842 4444 1929 4529 linus

1805 4567 1931 4686 anguli
