<?xml version="1.0" encoding="UTF-8"?>
<!DOCTYPE html PUBLIC "-//W3C//DTD XHTML 1.0 Transitional//EN"
    "http://www.w3.org/TR/xhtml1/DTD/xhtml1-transitional.dtd">
<html xmlns="http://www.w3.org/1999/xhtml" xml:lang="en" lang="en">
 <head>
  <title>
</title>
<meta http-equiv="Content-Type" content="text/html;charset=utf-8" />
  <meta name='ocr-system' content='tesseract 3.04.00' />
  <meta name='ocr-capabilities' content='ocr_page ocr_carea ocr_par ocr_line ocrx_word'/>
</head>
<body>
  <div class='ocr_page' id='page_1' title='image "./novicommentarii06sssrgoog/novicommentarii06sssrgoog_0383.png"; bbox 0 0 4175 5642; ppageno 0'>
   <div class='ocr_carea' id='block_1_1' title="bbox 638 562 1663 708">
    <p class='ocr_par' dir='ltr' id='par_1_1' title="bbox 638 562 1663 708">
     <span class='ocr_line' id='line_1_1' title="bbox 638 562 1663 708; baseline -0.016 -39"><span class='ocrx_word' id='word_1_1' title='bbox 638 587 795 708; x_wconf 44' lang='grc' dir='ltr'>με.</span> <span class='ocrx_word' id='word_1_2' title='bbox 884 579 987 667; x_wconf 82' lang='lat' dir='ltr'>nn</span> <span class='ocrx_word' id='word_1_3' title='bbox 1034 563 1454 664; x_wconf 72' lang='lat' dir='ltr'>coMutonA</span> <span class='ocrx_word' id='word_1_4' title='bbox 1506 562 1663 658; x_wconf 65' lang='lat' dir='ltr'>Aors</span> 
     </span>
    </p>
   </div>
   <div class='ocr_carea' id='block_1_2' title="bbox 640 771 1932 1418">
    <p class='ocr_par' dir='ltr' id='par_1_2' title="bbox 640 771 1932 1418">
     <span class='ocr_line' id='line_1_2' title="bbox 787 771 1919 907; baseline -0.007 -21"><span class='ocrx_word' id='word_1_5' title='bbox 787 833 833 907; x_wconf 85' lang='lat'>4.</span> <span class='ocrx_word' id='word_1_6' title='bbox 883 800 934 885; x_wconf 85' lang='lat' dir='ltr'>in</span> <span class='ocrx_word' id='word_1_7' title='bbox 986 800 1062 884; x_wconf 80' lang='lat' dir='ltr'>bafi</span> <span class='ocrx_word' id='word_1_8' title='bbox 1111 799 1290 882; x_wconf 81' lang='lat' dir='ltr'>inferiore</span> <span class='ocrx_word' id='word_1_9' title='bbox 1313 796 1426 880; x_wconf 83' lang='lat' dir='ltr'>¹toni</span> <span class='ocrx_word' id='word_1_10' title='bbox 1474 793 1542 879; x_wconf 85' lang='lat' dir='ltr'>fiat</span> <span class='ocrx_word' id='word_1_11' title='bbox 1586 771 1791 878; x_wconf 85' lang='lat' dir='ltr'>secundum</span> <span class='ocrx_word' id='word_1_12' title='bbox 1834 793 1919 878; x_wconf 70' lang='lat' dir='ltr'>ciue</span> 
     </span>
     <span class='ocr_line' id='line_1_3' title="bbox 641 907 1932 1033; baseline -0.008 -13"><span class='ocrx_word' id='word_1_13' title='bbox 641 929 757 1020; x_wconf 81' lang='lat' dir='ltr'>axem</span> <span class='ocrx_word' id='word_1_14' title='bbox 791 932 935 1014; x_wconf 85' lang='lat' dir='ltr'>cauitas</span> <span class='ocrx_word' id='word_1_15' title='bbox 963 928 1097 1012; x_wconf 89' lang='lat' dir='ltr'>conica</span> <span class='ocrx_word' id='word_1_16' title='bbox 1115 989 1131 1033; x_wconf 75' lang='lat'>,.</span> <span class='ocrx_word' id='word_1_17' title='bbox 1174 925 1280 1010; x_wconf 79' lang='lat' dir='ltr'>cuius</span> <span class='ocrx_word' id='word_1_18' title='bbox 1309 923 1473 1008; x_wconf 82' lang='lat' dir='ltr'>altitudo</span> <span class='ocrx_word' id='word_1_19' title='bbox 1504 920 1577 1004; x_wconf 83' lang='lat' dir='ltr'>uix</span> <span class='ocrx_word' id='word_1_20' title='bbox 1605 943 1684 1002; x_wconf 86' lang='lat' dir='ltr'>non</span> <span class='ocrx_word' id='word_1_21' title='bbox 1735 907 1932 1030; x_wconf 78' lang='lat' dir='ltr'><strong>adaequet.</strong></span> 
     </span>
     <span class='ocr_line' id='line_1_4' title="bbox 640 1045 1921 1162; baseline -0.013 -18"><span class='ocrx_word' id='word_1_22' title='bbox 640 1057 884 1144; x_wconf 81' lang='lat' dir='ltr'>altitudinem</span> <span class='ocrx_word' id='word_1_23' title='bbox 932 1056 1056 1161; x_wconf 82' lang='lat' dir='ltr'>coni,</span> <span class='ocrx_word' id='word_1_24' title='bbox 1103 1075 1307 1162; x_wconf 85' lang='lat' dir='ltr'>propterea</span> <span class='ocrx_word' id='word_1_25' title='bbox 1350 1067 1397 1134; x_wconf 85' lang='lat' dir='ltr'>ut</span> <span class='ocrx_word' id='word_1_26' title='bbox 1426 1048 1613 1160; x_wconf 61' lang='lat' dir='ltr'>punitum</span> <span class='ocrx_word' id='word_1_27' title='bbox 1646 1045 1921 1158; x_wconf 70' lang='lat' dir='ltr'>suspensionis,</span> 
     </span>
     <span class='ocr_line' id='line_1_5' title="bbox 643 1175 1920 1293; baseline -0.009 -27"><span class='ocrx_word' id='word_1_28' title='bbox 643 1184 747 1293; x_wconf 86' lang='lat' dir='ltr'>qnori</span> <span class='ocrx_word' id='word_1_29' title='bbox 778 1185 833 1266; x_wconf 90' lang='lat' dir='ltr'>est</span> <span class='ocrx_word' id='word_1_30' title='bbox 872 1185 916 1264; x_wconf 88' lang='lat' dir='ltr'>in</span> <span class='ocrx_word' id='word_1_31' title='bbox 969 1180 1091 1279; x_wconf 83' lang='lat' dir='ltr'>fundo</span> <span class='ocrx_word' id='word_1_32' title='bbox 1136 1179 1342 1277; x_wconf 69' lang='lat' dir='ltr'>cantatis,</span> <span class='ocrx_word' id='word_1_33' title='bbox 1394 1177 1504 1260; x_wconf 84' lang='lat' dir='ltr'>cadat</span> <span class='ocrx_word' id='word_1_34' title='bbox 1550 1175 1654 1287; x_wconf 83' lang='lat' dir='ltr'>supra</span> <span class='ocrx_word' id='word_1_35' title='bbox 1699 1192 1920 1258; x_wconf 82' lang='lat' dir='ltr'>commuue</span> 
     </span>
     <span class='ocr_line' id='line_1_6' title="bbox 644 1304 1365 1418; baseline -0.024 -23"><span class='ocrx_word' id='word_1_36' title='bbox 644 1331 819 1395; x_wconf 82' lang='lat' dir='ltr'>centrum</span> <span class='ocrx_word' id='word_1_37' title='bbox 853 1309 1043 1418; x_wconf 80' lang='lat' dir='ltr'>grauitatis</span> <span class='ocrx_word' id='word_1_38' title='bbox 1070 1330 1158 1392; x_wconf 88' lang='lat' dir='ltr'>acus</span> <span class='ocrx_word' id='word_1_39' title='bbox 1185 1323 1228 1389; x_wconf 83' lang='lat' dir='ltr'>et</span> <span class='ocrx_word' id='word_1_40' title='bbox 1259 1304 1365 1386; x_wconf 85' lang='lat' dir='ltr'>coni.</span> 
     </span>
    </p>
   </div>
   <div class='ocr_carea' id='block_1_3' title="bbox 646 1553 1922 1801">
    <p class='ocr_par' dir='ltr' id='par_1_3' title="bbox 646 1553 1922 1801">
     <span class='ocr_line' id='line_1_7' title="bbox 672 1553 1922 1680; baseline -0.002 -36"><span class='ocrx_word' id='word_1_41' title='bbox 672 1635 678 1644; x_wconf 85' lang='lat'><strong>.</strong></span> <span class='ocrx_word' id='word_1_42' title='bbox 805 1584 847 1665; x_wconf 83' lang='lat'>5.</span> <span class='ocrx_word' id='word_1_43' title='bbox 880 1561 1047 1648; x_wconf 82' lang='lat' dir='ltr'>Lamina</span> <span class='ocrx_word' id='word_1_44' title='bbox 1074 1562 1301 1680; x_wconf 79' lang='lat' dir='ltr'>imponatur</span> <span class='ocrx_word' id='word_1_45' title='bbox 1326 1560 1368 1643; x_wconf 90' lang='lat' dir='ltr'>in</span> <span class='ocrx_word' id='word_1_46' title='bbox 1396 1555 1631 1660; x_wconf 69' lang='lat' dir='ltr'>inuiirram,</span> <span class='ocrx_word' id='word_1_47' title='bbox 1663 1553 1922 1667; x_wconf 75' lang='lat' dir='ltr'>insuperiure</span> 
     </span>
     <span class='ocr_line' id='line_1_8' title="bbox 646 1683 1922 1801; baseline -0.01 -22"><span class='ocrx_word' id='word_1_48' title='bbox 646 1690 732 1799; x_wconf 55' lang='lat' dir='ltr'>bafi‘</span> <span class='ocrx_word' id='word_1_49' title='bbox 752 1694 845 1776; x_wconf 83' lang='lat' dir='ltr'>coni</span> <span class='ocrx_word' id='word_1_50' title='bbox 877 1690 1052 1790; x_wconf 69' lang='lat' dir='ltr'>fastam,</span> <span class='ocrx_word' id='word_1_51' title='bbox 1081 1692 1137 1772; x_wconf 85' lang='lat' dir='ltr'>ita</span> <span class='ocrx_word' id='word_1_52' title='bbox 1181 1708 1228 1772; x_wconf 85' lang='lat' dir='ltr'>vt</span> <span class='ocrx_word' id='word_1_53' title='bbox 1272 1685 1416 1770; x_wconf 85' lang='lat' dir='ltr'>lineola</span> <span class='ocrx_word' id='word_1_54' title='bbox 1466 1683 1704 1789; x_wconf 81' lang='lat' dir='ltr'>transuersa,</span> <span class='ocrx_word' id='word_1_55' title='bbox 1748 1703 1922 1801; x_wconf 80' lang='lat' dir='ltr'>centrum</span> 
     </span>
    </p>
   </div>
   <div class='ocr_carea' id='block_1_4' title="bbox 649 1805 2055 1930">
    <p class='ocr_par' dir='ltr' id='par_1_4' title="bbox 649 1805 2055 1930">
     <span class='ocr_line' id='line_1_9' title="bbox 649 1805 2055 1930; baseline -0.008 -27"><span class='ocrx_word' id='word_1_56' title='bbox 649 1820 838 1930; x_wconf 85' lang='lat' dir='ltr'>grauitatis</span> <span class='ocrx_word' id='word_1_57' title='bbox 871 1817 1039 1900; x_wconf 83' lang='lat' dir='ltr'>laminae</span> <span class='ocrx_word' id='word_1_58' title='bbox 1065 1816 1287 1924; x_wconf 80' lang='lat' dir='ltr'>defignans,</span> <span class='ocrx_word' id='word_1_59' title='bbox 1337 1838 1411 1922; x_wconf 85' lang='lat' dir='ltr'>per</span> <span class='ocrx_word' id='word_1_60' title='bbox 1437 1835 1552 1893; x_wconf 85' lang='lat' dir='ltr'><strong>axem</strong></span> <span class='ocrx_word' id='word_1_61' title='bbox 1584 1809 1676 1894; x_wconf 85' lang='lat' dir='ltr'>coni</span> <span class='ocrx_word' id='word_1_62' title='bbox 1722 1805 1921 1911; x_wconf 82' lang='lat' dir='ltr'>transeat,</span> <span class='ocrx_word' id='word_1_63' title='bbox 2054 1837 2055 1840; x_wconf 57' lang='lat'>‘</span> 
     </span>
    </p>
   </div>
   <div class='ocr_carea' id='block_1_5' title="bbox 653 1935 1925 2187">
    <p class='ocr_par' dir='ltr' id='par_1_5' title="bbox 653 1935 1925 2187">
     <span class='ocr_line' id='line_1_10' title="bbox 653 1935 1925 2053; baseline -0.004 -26"><span class='ocrx_word' id='word_1_64' title='bbox 653 1943 961 2053; x_wconf 80' lang='lat' dir='ltr'>firspendaturqne</span> <span class='ocrx_word' id='word_1_65' title='bbox 991 1939 1034 2020; x_wconf 91' lang='lat' dir='ltr'>in</span> <span class='ocrx_word' id='word_1_66' title='bbox 1065 1941 1220 2050; x_wconf 76' lang='lat' dir='ltr'>pixide,</span> <span class='ocrx_word' id='word_1_67' title='bbox 1248 1937 1393 2024; x_wconf 86' lang='lat' dir='ltr'>eodem</span> <span class='ocrx_word' id='word_1_68' title='bbox 1423 1938 1569 2048; x_wconf 77' lang='lat' dir='ltr'>modo,</span> <span class='ocrx_word' id='word_1_69' title='bbox 1609 1937 1669 2021; x_wconf 84' lang='lat' dir='ltr'>uti</span> <span class='ocrx_word' id='word_1_70' title='bbox 1697 1961 1787 2022; x_wconf 82' lang='lat' dir='ltr'>aeus</span> <span class='ocrx_word' id='word_1_71' title='bbox 1818 1935 1925 2022; x_wconf 82' lang='lat' dir='ltr'>ordi·</span> 
     </span>
     <span class='ocr_line' id='line_1_11' title="bbox 655 2067 1092 2187; baseline -0.016 -30"><span class='ocrx_word' id='word_1_72' title='bbox 655 2074 781 2157; x_wconf 74' lang='lat' dir='ltr'>natiue</span> <span class='ocrx_word' id='word_1_73' title='bbox 815 2067 1092 2187; x_wconf 79' lang='lat' dir='ltr'>suspenduntur.</span> 
     </span>
    </p>
   </div>
   <div class='ocr_carea' id='block_1_6' title="bbox 1250 2291 1329 2386">
    <p class='ocr_par' dir='ltr' id='par_1_6' title="bbox 1250 2291 1329 2386">
     <span class='ocr_line' id='line_1_12' title="bbox 1250 2291 1329 2386; baseline -0.013 -2"><span class='ocrx_word' id='word_1_74' title='bbox 1250 2291 1329 2386; x_wconf 82' lang='lat'>111.</span> 
     </span>
    </p>
   </div>
   <div class='ocr_carea' id='block_1_7' title="bbox 658 2457 1923 2700">
    <p class='ocr_par' dir='ltr' id='par_1_7' title="bbox 658 2457 1923 2700">
     <span class='ocr_line' id='line_1_13' title="bbox 809 2457 1923 2581; baseline -0.005 -32"><span class='ocrx_word' id='word_1_75' title='bbox 809 2464 957 2581; x_wconf 74' lang='lat' dir='ltr'>Quodsr</span> <span class='ocrx_word' id='word_1_76' title='bbox 987 2485 1076 2548; x_wconf 78' lang='lat' dir='ltr'>acus</span> <span class='ocrx_word' id='word_1_77' title='bbox 1108 2489 1243 2572; x_wconf 81' lang='lat' dir='ltr'>parurn</span> <span class='ocrx_word' id='word_1_78' title='bbox 1283 2459 1489 2548; x_wconf 76' lang='lat' dir='ltr'>stabilitatis</span> <span class='ocrx_word' id='word_1_79' title='bbox 1531 2457 1703 2567; x_wconf 77' lang='lat' dir='ltr'>habeat,</span> <span class='ocrx_word' id='word_1_80' title='bbox 1750 2478 1815 2546; x_wconf 87' lang='lat' dir='ltr'>aut</span> <span class='ocrx_word' id='word_1_81' title='bbox 1865 2459 1923 2544; x_wconf 69' lang='lat' dir='ltr'>in⁴</span> 
     </span>
     <span class='ocr_line' id='line_1_14' title="bbox 658 2585 1922 2700; baseline -0.01 -19"><span class='ocrx_word' id='word_1_82' title='bbox 658 2613 858 2694; x_wconf 68' lang='lat' dir='ltr'>vertatur,</span> <span class='ocrx_word' id='word_1_83' title='bbox 898 2590 1003 2700; x_wconf 89' lang='lat' dir='ltr'>quod</span> <span class='ocrx_word' id='word_1_84' title='bbox 1031 2591 1175 2672; x_wconf 85' lang='lat' dir='ltr'>indicio</span> <span class='ocrx_word' id='word_1_85' title='bbox 1207 2590 1298 2696; x_wconf 80' lang='lat' dir='ltr'>est,</span> <span class='ocrx_word' id='word_1_86' title='bbox 1327 2607 1503 2672; x_wconf 84' lang='lat' dir='ltr'>centrum</span> <span class='ocrx_word' id='word_1_87' title='bbox 1536 2591 1730 2696; x_wconf 83' lang='lat' dir='ltr'>grauitatis</span> <span class='ocrx_word' id='word_1_88' title='bbox 1756 2585 1837 2671; x_wconf 78' lang='lat' dir='ltr'>&#39;eise</span> <span class='ocrx_word' id='word_1_89' title='bbox 1869 2585 1922 2669; x_wconf 90' lang='lat' dir='ltr'>su·</span> 
     </span>
    </p>
   </div>
   <div class='ocr_carea' id='block_1_8' title="bbox 657 2711 2049 2833">
    <p class='ocr_par' dir='ltr' id='par_1_8' title="bbox 657 2711 2049 2833">
     <span class='ocr_line' id='line_1_15' title="bbox 657 2711 2049 2833; baseline -0.007 -29"><span class='ocrx_word' id='word_1_90' title='bbox 657 2747 725 2833; x_wconf 88' lang='lat' dir='ltr'>pra</span> <span class='ocrx_word' id='word_1_91' title='bbox 758 2739 933 2805; x_wconf 85' lang='lat' dir='ltr'>centrum</span> <span class='ocrx_word' id='word_1_92' title='bbox 966 2713 1237 2825; x_wconf 85' lang='lat' dir='ltr'>suspensronis,</span> <span class='ocrx_word' id='word_1_93' title='bbox 1281 2731 1371 2798; x_wconf 71' lang='lat' dir='ltr'>&#39;tum</span> <span class='ocrx_word' id='word_1_94' title='bbox 1411 2711 1479 2797; x_wconf 89' lang='lat' dir='ltr'>fiat</span> <span class='ocrx_word' id='word_1_95' title='bbox 1526 2715 1684 2797; x_wconf 87' lang='lat' dir='ltr'>annulus</span> <span class='ocrx_word' id='word_1_96' title='bbox 1725 2737 1779 2796; x_wconf 84' lang='lat' dir='ltr'>ex</span> <span class='ocrx_word' id='word_1_97' title='bbox 1822 2712 1923 2823; x_wconf 86' lang='lat' dir='ltr'>graui</span> <span class='ocrx_word' id='word_1_98' title='bbox 2041 2752 2049 2825; x_wconf 61' lang='lat' dir='ltr'><strong><em>g</em></strong></span> 
     </span>
    </p>
   </div>
   <div class='ocr_carea' id='block_1_9' title="bbox 623 2839 1933 3954">
    <p class='ocr_par' dir='ltr' id='par_1_9' title="bbox 623 2839 2049 3954">
     <span class='ocr_line' id='line_1_16' title="bbox 658 2839 1924 2946; baseline -0.007 -15"><span class='ocrx_word' id='word_1_99' title='bbox 658 2848 856 2946; x_wconf 85' lang='lat' dir='ltr'>metallo,</span> <span class='ocrx_word' id='word_1_100' title='bbox 903 2863 944 2926; x_wconf 92' lang='lat' dir='ltr'>et</span> <span class='ocrx_word' id='word_1_101' title='bbox 990 2846 1037 2926; x_wconf 84' lang='lat' dir='ltr'>ad</span> <span class='ocrx_word' id='word_1_102' title='bbox 1087 2841 1306 2925; x_wconf 84' lang='lat' dir='ltr'>inferiorern</span> <span class='ocrx_word' id='word_1_103' title='bbox 1341 2842 1431 2922; x_wconf 87' lang='lat' dir='ltr'>coni</span> <span class='ocrx_word' id='word_1_104' title='bbox 1463 2839 1565 2923; x_wconf 87' lang='lat' dir='ltr'>bafin</span> <span class='ocrx_word' id='word_1_105' title='bbox 1597 2843 1924 2923; x_wconf 84' lang='lat' dir='ltr'>adcommodetur.</span> 
     </span>
     <span class='ocr_line' id='line_1_17' title="bbox 660 2965 1928 3065; baseline -0.006 -10"><span class='ocrx_word' id='word_1_106' title='bbox 660 2973 788 3054; x_wconf 84' lang='lat' dir='ltr'>Potest</span> <span class='ocrx_word' id='word_1_107' title='bbox 819 2971 938 3050; x_wconf 87' lang='lat' dir='ltr'>etiam</span> <span class='ocrx_word' id='word_1_108' title='bbox 970 2966 1060 3048; x_wconf 88' lang='lat' dir='ltr'>huic</span> <span class='ocrx_word' id='word_1_109' title='bbox 1091 2967 1351 3049; x_wconf 85' lang='lat' dir='ltr'>incommodo</span> <span class='ocrx_word' id='word_1_110' title='bbox 1402 2966 1557 3048; x_wconf 89' lang='lat' dir='ltr'>obuiam</span> <span class='ocrx_word' id='word_1_111' title='bbox 1607 2967 1681 3065; x_wconf 87' lang='lat' dir='ltr'>iri,</span> <span class='ocrx_word' id='word_1_112' title='bbox 1734 2965 1760 3048; x_wconf 85' lang='lat' dir='ltr'>fi</span> <span class='ocrx_word' id='word_1_113' title='bbox 1810 2989 1928 3048; x_wconf 87' lang='lat' dir='ltr'>conus</span> 
     </span>
     <span class='ocr_line' id='line_1_18' title="bbox 661 3089 1928 3200; baseline -0.005 -22"><span class='ocrx_word' id='word_1_114' title='bbox 661 3098 715 3178; x_wconf 86' lang='lat' dir='ltr'>ita</span> <span class='ocrx_word' id='word_1_115' title='bbox 756 3092 979 3176; x_wconf 60' lang='lat' dir='ltr'>antefactus</span> <span class='ocrx_word' id='word_1_116' title='bbox 1028 3091 1108 3196; x_wconf 83' lang='lat' dir='ltr'>srt,</span> <span class='ocrx_word' id='word_1_117' title='bbox 1159 3111 1204 3175; x_wconf 85' lang='lat' dir='ltr'>ut</span> <span class='ocrx_word' id='word_1_118' title='bbox 1253 3115 1303 3173; x_wconf 87' lang='lat' dir='ltr'>ex</span> <span class='ocrx_word' id='word_1_119' title='bbox 1350 3091 1493 3174; x_wconf 82' lang='lat' dir='ltr'>duabus</span> <span class='ocrx_word' id='word_1_120' title='bbox 1539 3094 1714 3200; x_wconf 66' lang='lat' dir='ltr'>partibus,</span> <span class='ocrx_word' id='word_1_121' title='bbox 1755 3089 1928 3183; x_wconf 80' lang='lat' dir='ltr'>constet,</span> 
     </span>
     <span class='ocr_line' id='line_1_19' title="bbox 664 3211 1928 3328; baseline -0.001 -25"><span class='ocrx_word' id='word_1_122' title='bbox 664 3222 835 3328; x_wconf 81' lang='lat' dir='ltr'>superior</span> <span class='ocrx_word' id='word_1_123' title='bbox 865 3240 916 3298; x_wconf 81' lang='lat' dir='ltr'>ox</span> <span class='ocrx_word' id='word_1_124' title='bbox 950 3215 1082 3323; x_wconf 84' lang='lat' dir='ltr'>ligno,</span> <span class='ocrx_word' id='word_1_125' title='bbox 1121 3219 1276 3299; x_wconf 75' lang='lat' dir='ltr'>inferior</span> <span class='ocrx_word' id='word_1_126' title='bbox 1319 3239 1418 3300; x_wconf 85' lang='lat' dir='ltr'>vero</span> <span class='ocrx_word' id='word_1_127' title='bbox 1458 3241 1511 3300; x_wconf 84' lang='lat' dir='ltr'>ex</span> <span class='ocrx_word' id='word_1_128' title='bbox 1547 3217 1744 3303; x_wconf 83' lang='lat' dir='ltr'>metallo..</span> <span class='ocrx_word' id='word_1_129' title='bbox 1827 3211 1928 3302; x_wconf 83' lang='lat' dir='ltr'>lute-</span> 
     </span>
     <span class='ocr_line' id='line_1_20' title="bbox 666 3343 1930 3454; baseline -0.002 -25"><span class='ocrx_word' id='word_1_130' title='bbox 666 3352 740 3429; x_wconf 91' lang='lat' dir='ltr'>rim</span> <span class='ocrx_word' id='word_1_131' title='bbox 762 3344 973 3427; x_wconf 89' lang='lat' dir='ltr'>notandum</span> <span class='ocrx_word' id='word_1_132' title='bbox 992 3343 1060 3446; x_wconf 82' lang='lat' dir='ltr'>est,</span> <span class='ocrx_word' id='word_1_133' title='bbox 1091 3347 1238 3452; x_wconf 84' lang='lat' dir='ltr'>pondus</span> <span class='ocrx_word' id='word_1_134' title='bbox 1255 3345 1343 3424; x_wconf 91' lang='lat' dir='ltr'>coni</span> <span class='ocrx_word' id='word_1_135' title='bbox 1360 3345 1496 3426; x_wconf 88' lang='lat' dir='ltr'>debere</span> <span class='ocrx_word' id='word_1_136' title='bbox 1515 3346 1588 3429; x_wconf 84' lang='lat' dir='ltr'>eise</span> <span class='ocrx_word' id='word_1_137' title='bbox 1618 3349 1738 3429; x_wconf 83' lang='lat' dir='ltr'>maius</span> <span class='ocrx_word' id='word_1_138' title='bbox 1766 3343 1930 3454; x_wconf 79' lang='lat' dir='ltr'>pondere</span> 
     </span>
     <span class='ocr_line' id='line_1_21' title="bbox 667 3459 1931 3580; baseline -0.002 -25"><span class='ocrx_word' id='word_1_139' title='bbox 667 3497 768 3557; x_wconf 80' lang='lat' dir='ltr'>acus.</span> <span class='ocrx_word' id='word_1_140' title='bbox 862 3476 1052 3552; x_wconf 78' lang='lat' dir='ltr'>Attamen</span> <span class='ocrx_word' id='word_1_141' title='bbox 1081 3469 1214 3552; x_wconf 77' lang='lat' dir='ltr'>artifex</span> <span class='ocrx_word' id='word_1_142' title='bbox 1246 3494 1376 3550; x_wconf 84' lang='lat' dir='ltr'>curare</span> <span class='ocrx_word' id='word_1_143' title='bbox 1408 3471 1553 3576; x_wconf 85' lang='lat' dir='ltr'>debet,</span> <span class='ocrx_word' id='word_1_144' title='bbox 1583 3499 1631 3555; x_wconf 87' lang='lat' dir='ltr'>ue</span> <span class='ocrx_word' id='word_1_145' title='bbox 1663 3459 1807 3580; x_wconf 80' lang='lat' dir='ltr'>pondus</span> <span class='ocrx_word' id='word_1_146' title='bbox 1839 3471 1931 3552; x_wconf 83' lang='lat' dir='ltr'>coni</span> 
     </span>
     <span class='ocr_line' id='line_1_22' title="bbox 623 3595 1928 3708; baseline -0.006 -23"><span class='ocrx_word' id='word_1_147' title='bbox 623 3633 634 3646; x_wconf 64' lang='grc'><em>’</em></span> <span class='ocrx_word' id='word_1_148' title='bbox 666 3601 711 3685; x_wconf 84' lang='lat' dir='ltr'>stt</span> <span class='ocrx_word' id='word_1_149' title='bbox 741 3597 848 3680; x_wconf 84' lang='lat' dir='ltr'>ualde</span> <span class='ocrx_word' id='word_1_150' title='bbox 882 3619 1064 3700; x_wconf 84' lang='lat' dir='ltr'>magnum</span> <span class='ocrx_word' id='word_1_151' title='bbox 1094 3595 1261 3702; x_wconf 74' lang='lat' dir='ltr'>inperio</span> <span class='ocrx_word' id='word_1_152' title='bbox 1293 3597 1469 3702; x_wconf 83' lang='lat' dir='ltr'>ponderis</span> <span class='ocrx_word' id='word_1_153' title='bbox 1497 3621 1618 3708; x_wconf 84' lang='lat' dir='ltr'>acus;</span> <span class='ocrx_word' id='word_1_154' title='bbox 1665 3599 1741 3681; x_wconf 84' lang='lat' dir='ltr'>hoc</span> <span class='ocrx_word' id='word_1_155' title='bbox 1773 3598 1864 3680; x_wconf 79' lang='lat' dir='ltr'>eiiz&#39;</span> <span class='ocrx_word' id='word_1_156' title='bbox 1881 3619 1928 3678; x_wconf 82' lang='lat' dir='ltr'>ne</span> 
     </span>
     <span class='ocr_line' id='line_1_23' title="bbox 666 3718 1929 3832; baseline -0.004 -23"><span class='ocrx_word' id='word_1_157' title='bbox 666 3727 766 3809; x_wconf 77' lang='lat' dir='ltr'>iusto</span> <span class='ocrx_word' id='word_1_158' title='bbox 793 3722 918 3804; x_wconf 83' lang='lat' dir='ltr'>maius</span> <span class='ocrx_word' id='word_1_159' title='bbox 947 3719 1050 3823; x_wconf 84' lang='lat' dir='ltr'>fiat,</span> <span class='ocrx_word' id='word_1_160' title='bbox 1089 3741 1129 3802; x_wconf 94' lang='lat' dir='ltr'>et</span> <span class='ocrx_word' id='word_1_161' title='bbox 1158 3718 1343 3828; x_wconf 77' lang='lat' dir='ltr'>iirperfluo</span> <span class='ocrx_word' id='word_1_162' title='bbox 1374 3725 1542 3830; x_wconf 88' lang='lat' dir='ltr'>pondere</span> <span class='ocrx_word' id='word_1_163' title='bbox 1572 3749 1682 3807; x_wconf 84' lang='lat' dir='ltr'>acum</span> <span class='ocrx_word' id='word_1_164' title='bbox 1713 3723 1929 3832; x_wconf 82' lang='lat' dir='ltr'>seguiorem</span> 
     </span>
     <span class='ocr_line' id='line_1_24' title="bbox 670 3846 1933 3954; baseline -0.002 -20"><span class='ocrx_word' id='word_1_165' title='bbox 670 3854 815 3934; x_wconf 84' lang='lat' dir='ltr'>reddat.</span> <span class='ocrx_word' id='word_1_166' title='bbox 889 3846 946 3926; x_wconf 85' lang='lat' dir='ltr'>Vt</span> <span class='ocrx_word' id='word_1_167' title='bbox 976 3849 1092 3954; x_wconf 82' lang='lat' dir='ltr'>igitur</span> <span class='ocrx_word' id='word_1_168' title='bbox 1118 3849 1217 3928; x_wconf 90' lang='lat' dir='ltr'>inter</span> <span class='ocrx_word' id='word_1_169' title='bbox 1248 3851 1396 3952; x_wconf 76' lang='lat' dir='ltr'>pondus</span> <span class='ocrx_word' id='word_1_170' title='bbox 1427 3852 1517 3930; x_wconf 89' lang='lat' dir='ltr'>coni</span> <span class='ocrx_word' id='word_1_171' title='bbox 1548 3871 1699 3933; x_wconf 83' lang='lat' dir='ltr'>eratus</span> <span class='ocrx_word' id='word_1_172' title='bbox 1729 3851 1933 3934; x_wconf 78' lang='lat' dir='ltr'>desiderata</span> 
     </span>
    </p>
   </div>
   <div class='ocr_carea' id='block_1_10' title="bbox 670 3971 1930 4211">
    <p class='ocr_par' dir='ltr' id='par_1_10' title="bbox 670 3971 1930 4211">
     <span class='ocr_line' id='line_1_25' title="bbox 670 3971 1930 4178; baseline 0.003 -120"><span class='ocrx_word' id='word_1_173' title='bbox 670 3975 1051 4178; x_wconf 45' lang='lat' dir='ltr'>semperldnropnrrio</span> <span class='ocrx_word' id='word_1_174' title='bbox 1080 3971 1323 4073; x_wconf 79' lang='lat' dir='ltr'>obtineatur,</span> <span class='ocrx_word' id='word_1_175' title='bbox 1373 3973 1525 4083; x_wconf 72' lang='lat' dir='ltr'>sequens</span> <span class='ocrx_word' id='word_1_176' title='bbox 1554 3977 1750 4087; x_wconf 82' lang='lat' dir='ltr'>problema</span> <span class='ocrx_word' id='word_1_177' title='bbox 1789 3975 1930 4064; x_wconf 83' lang='lat' dir='ltr'>subiun-</span> 
     </span>
     <span class='ocr_line' id='line_1_26' title="bbox 671 4116 1475 4211; baseline -0.001 -29"><span class='ocrx_word' id='word_1_178' title='bbox 671 4127 762 4211; x_wconf 81' lang='lat' dir='ltr'>gere</span> <span class='ocrx_word' id='word_1_179' title='bbox 794 4123 844 4208; x_wconf 90' lang='lat' dir='ltr'>p·</span> <span class='ocrx_word' id='word_1_180' title='bbox 878 4116 931 4186; x_wconf 83' lang='lat' dir='ltr'>et.</span> <span class='ocrx_word' id='word_1_181' title='bbox 964 4142 970 4159; x_wconf 90' lang='lat'><strong>·</strong></span> <span class='ocrx_word' id='word_1_182' title='bbox 1472 4129 1475 4132; x_wconf 93' lang='lat'>·</span> 
     </span>
    </p>
   </div>
   <div class='ocr_carea' id='block_1_11' title="bbox 0 0 2118 5642">
    <p class='ocr_par' dir='ltr' id='par_1_11' title="bbox 0 0 2118 5642">
     <span class='ocr_line' id='line_1_27' title="bbox 0 0 2118 5642; baseline 0 0"><span class='ocrx_word' id='word_1_183' title='bbox 0 0 2118 5642; x_wconf 95' lang='lat' dir='ltr'> </span> 
     </span>
    </p>
   </div>
  </div>
 </body>
</html>
