4175 5642
687 611 778 692 a„
1015 532 1699 672 nannenten*

600 789 603 798 “
684 814 851 901 vanam
885 808 961 896 nn
989 806 1165 918 optim,
1199 767 1375 894 namtas
1397 797 1950 920 certeraateffe‘rfitamt,

682 937 934 1038 Gedanensss,
954 936 1061 1022 Mea.
1084 933 1292 1040 Dodonia,
1309 938 1375 1046 qui
1407 936 1454 1019 ab
1487 957 1592 1019 anno
1608 941 1746 1042 '1719
1764 940 1813 1025 ad
1836 963 1953 1042 1727

681 1092 847 1156 omnem
874 1065 1112 1176 diligentiam
1153 1085 1197 1149 et
1246 1063 1407 1148 studium
1459 1061 1671 1150 indefessum
1719 1067 1953 1179 impendit,

680 1195 906 1304 colligendis
935 1213 977 1278 et
1003 1191 1258 1277 describendis
1286 1213 1442 1276 natutae
1460 1189 1638 1311 thesauria
1652 1199 1759 1304 regni
1777 1194 1953 1304 Sibirlae,

677 1324 850 1438 plantam
880 1320 1046 1406 hancab
1064 1317 1149 1431 ipb
1175 1321 1426 1405 denominare
1458 1322 1623 1404 minime
1655 1323 1954 1433 improbandum

671 1454 788 1560 erit,
835 1475 926 1537 cum
978 1449 1087 1536 idem
1125 1447 1256 1532 honor
1291 1446 1741 1555 crastinantem,
1779 1475 1957 1561 quornm

677 1581 816 1665 merita
846 1580 888 1664 in
916 1603 1001 1663 rem
1036 1577 1261 1665 botanicam
1310 1575 1491 1661 ridentur
1536 1576 1715 1662 alicuius⁴
1742 1579 1956 1664 momenti.

676 1708 961 1819 Exspeclamua
992 1708 1032 1792 in
1084 1705 1318 1814 pollerem,
1365 1701 1538 1790 adhibita
1567 1701 1743 1791 vlteriori
1772 1707 1955 1812 cultura,

676 1836 818 1921 semina
850 1855 1002 1920 matura
1031 1833 1084 1917 ab
1114 1831 1186 1917 hac
1216 1831 1380 1941 planta,
1406 1855 1510 1942 quae
1533 1833 1817 1920 communicati
1838 1843 1956 1940 'pote-

675 1983 767 2048 runt
794 1987 888 2046 cum
919 1961 996 2069 iis,
1022 1961 1088 2070 qni
1116 1958 1358 2043 delebantur
1393 1955 1539 2044 cultura
1585 1981 1628 2045 et
1673 1959 1953 2073 propagatione

677 2089 928 2201 plantarum,
960 2112 1083 2198 nuper
1109 2085 1364 2173 detestatum.
1429 2083 1487 2170 Vt
1519 2105 1625 2174 vero
1646 2083 1953 2199 adorram-inte·

599 2266 602 2271 >
677 2243 742 2302 tea
771 2217 840 2301 fibi
865 2217 1058 2324 acquirere
1085 2213 1225 2325 possint
1253 2214 1365 2298 huius
1393 2216 1617 2322 vegetabilis
1646 2215 1808 2304 ideam.
1836 2214 1953 2300 adieci

674 2346 826 2430 iconem
847 2409 861 2451 ,
885 2340 1108 2427 consectam
1155 2340 1205 2423 ad
1253 2343 1450 2450 plantam
1478 2341 1519 2423 in
1567 2340 1685 2428 horto
1709 2339 1950 2427 academico

671 2471 914 2573 florentem,
941 2489 984 2550 et
1012 2492 1128 2575 quam
1158 2462 1247 2550 Cel.
1301 2471 1511 2556 Amores
1553 2461 1655 2554 olim
1703 2469 1949 2580 descriptioni

674 2597 793 2701 suae,
823 2617 916 2678 cum
947 2611 1101 2678 tantum
1131 2591 1280 2702 plantas
1310 2592 1475 2677 iuniores
1520 2593 1766 2706 possedebat3
1811 2599 1949 2684 addere

672 2750 754 2812 non
785 2726 926 2836 potnit.
1014 2717 1126 2804 Dum
1162 2719 1759 2831 Armenianae·‘dele'rlptlonit'‹²
1777 2727 1951 2811 mentio·

672 2877 763 2937 nem
794 2850 959 2958 inicio,
981 2871 1087 2958 ‚quae
1115 2850 1217 2932 bona
1245 2868 1289 2931 et
1320 2845 1524 2959 completa·
1562 2849 1653 2956 cll,
1702 2849 1733 2936 sr
1779 2849 1947 2939 lindmn

669 2979 874 3092 excipias,
905 2975 1061 3062 insimul
1076 2979 1199 3059 etiarn
1231 2973 1581 3086 reprehenfionibns
1611 2975 1713 3062 forte
1743 2981 1947 3094 nonnullo

666 3133 757 3191 mm
781 3171 794 3213 ,
822 3106 887 3214 qni
915 3129 984 3189 me
1010 3102 1142 3187 adium
1173 3102 1287 3212 eglise
1318 3103 1532 3213 putabunt,
1561 3105 1652 3188 data
1680 3104 1757 3190 alia
1786 3089 1950 3221 descrip-

668 3227 811 3339 tione,
838 3233 996 3315 obuiam
1028 3234 1085 3313 ite
1114 3225 1252 3314 debeo.
1336 3227 1542 3318 Declinare
1590 3239 1688 3316 vero
1711 3232 1785 3317 ber
1830 3257 1948 3320 com-

668 3362 792 3446 mode
824 3381 995 3470 potero,
1022 3360 1212 3442 rationem
1244 3357 1430 3442 adducens
1459 3382 1541 3440 non
1571 3359 1843 3472 spemendam3
1860 3365 1949 3472 quia

667 3486 923 3598 incongruam
955 3487 1056 3571 mihi
1088 3485 1291 3569 videbatur
1321 3487 1498 3570 emittere
1530 3486 1693 3572 iconem.
1720 3485 1838 3571 solam
1861 3487 1948 3573 line

668 3616 914 3728 expositione
940 3614 1097 3724 aliqua,
1130 3611 1192 3695 vel
1223 3629 1264 3694 ct
1293 3613 1459 3699 rectores
1478 3613 1692 3698 amandare
1718 3611 1949 3708 adlibrum,

668 3769 746 3854 quo
773 3749 875 3827 sorte
888 3742 1031 3854 plnres
1055 3757 1218 3846 carent,
1247 3739 1278 3825 fi
1309 3741 1511 3854 plantam,
1531 3751 1642 3827 'nunc
1658 3741 1837 3831 ¹demum
1875 3743 1946 3830 de·

667 3871 845 3958 lineatam
865 3935 878 3980 ‚
906 3869 1127 3977 inspiciunt.

480 4000 648 4107 Μ
814 4057 1047 4172 explicatio
1070 4052 1245 4142 ratane
1276 4055 1312 4144 1.

631 4194 640 4213 '
869 4215 918 4296 Α.
942 4189 1049 4292 Planta
1071 4215 1261 4296 innaturali
1283 4217 1512 4320 magnitudine.

723 4347 738 4374 ·
869 4336 912 4416 Β
941 4335 1047 4413 ἰωὴ
1071 4355 1178 4435 mna
1199 4341 1481 4423 cunnunonbnt.

865 4486 899 4536 ι.
921 4455 1035 4556 Celyx
1060 4482 1130 4532 curn
1155 4459 1275 4560 pitisso.

865 4574 897 4644 b.
923 4566 1052 4651 corolla
1076 4575 1191 4679 absque
1213 4577 1323 4678 calyoe·
