4175 5642
667 565 759 667 ³64
883 517 1117 644 outone
1162 539 1321 642 nuto.
1371 537 1454 635 ur
1501 537 1704 636 orror.

637 782 775 870 'omui
806 806 893 869 nere
923 779 976 865 eil
1008 775 1250 888 purgandus,
1299 791 1342 860 et
1372 766 1702 860 thermomettum
1753 775 1807 862 itt
1858 777 1932 868 lm.

664 913 882 1057 piendum,
918 926 961 989 tt
988 905 1135 991 nullum
1168 906 1262 990 aeris
1294 899 1495 1024 vestigium
1526 903 1567 986 io
1600 902 1720 990 bulbo
1751 903 1930 996 thermo·

612 1037 617 1047 ’
664 1041 782 1127 metri
815 1047 1007 1146 adpareat.

811 1186 921 1301 Quae
953 1185 1124 1295 cepimus
1151 1144 1251 1268 circe
1283 1179 1547 1265 ebullitionem
1585 1183 1759 1268 mercurii
1807 1205 1934 1298 expe

663 1318 825 1407 timente
855 1313 1060 1420 adnotata,
1092 1313 1225 1397 omnin
1257 1310 1308 1394 itu
1337 1317 1556 1419 comparata
1586 1307 1718 1416 litere,
1751 1331 1793 1394 rt
1823 1335 1933 1399 mer

664 1444 788 1528 curius
817 1441 859 1524 iu
888 1441 1176 1525 thermometro
1207 1461 1286 1520 non
1319 1435 1483 1543 diuisus,
1519 1429 1597 1519 sed
1612 1440 1809 1523 continuus
1838 1466 1928 1550 per-

666 1568 843 1658 manserit
890 1569 939 1654 ud
973 1569 1179 1654 terminum
1216 1565 1471 1657 ebullitlouis,
1519 1561 1694 1676 reliqua,
1744 1583 1928 1681 tunquam

617 1664 628 1744 ⁴
666 1694 829 1806 uitiosa,
860 1696 1055 1782 reiecimus
1086 1697 1365 1806 experimenta.

817 1839 884 1926 vfi
914 1840 1085 1926 summ
1074 1865 1113 1923 ro
1160 1838 1218 1925 his
1269 1839 1541 1924 tentaminibus
1589 1837 1729 1949 duplici
1776 1839 1932 1926 metho-

664 1969 752 2062 do.
799 1970 1019 2076 ordinarit,
1066 1991 1139 2080 quo
1189 1967 1294 2051 calor
1323 1967 1511 2054 bullientis
1542 1967 1692 2051 alicuius
1722 1967 1872 2051 fluidi
1861 1996 1933 2054 rm·

667 2095 794 2183 merso
837 2095 1125 2190 rhetmometro
1172 2095 1367 2205 explorari
1398 2095 1521 2202 solet,
1570 2113 1610 2176 et
1638 2092 1710 2177 ultr
1742 2099 1930 2207 propriu,

667 2249 742 2336 qur
770 2225 1092 2308 thermomettum
1125 2221 1349 2309 carbonibus
1377 2223 1615 2307 condentibus
1658 2223 1850 2332 imposui,
1893 2243 1930 2310 et

666 2351 722 2434 itu
750 2353 925 2455 attendi,
974 2348 1100 2433 donec
1140 2349 1311 2458 primum
1344 2349 1574 2433 ebullitioois
1601 2345 1746 2460 fignum
1780 2355 1927 2462 adpete-

664 2495 736 2562 ret.
803 2475 848 2558 lo
883 2477 954 2558 ltoc
987 2473 1179 2558 methodo
1210 2471 1418 2586 posteriore
1448 2479 1621 2562 cautione
1651 2498 1691 2561 et
1723 2480 1924 2564 attentione
2045 2555 2046 2562 r

666 2630 749 2690 uon
779 2603 965 2688 mediocri
994 2626 1092 2712 opos
1121 2601 1190 2687 est.
1254 2595 1478 2708 Contione,
1504 2623 1564 2694 ¹vr
1591 2603 1694 2689 color
1724 2611 1927 2692 carbonum

665 2735 908 2817 candentium
941 2731 1036 2815 iusto
1067 2729 1192 2814 molor
1224 2729 1408 2839 nonsit,
1447 2732 1536 2818 ullas
1564 2733 1749 2816 adscensus
1781 2759 1929 2821 mercu-

666 2861 712 2943 rii
761 2860 942 2968 regularis
990 2883 1069 2941 uon
1119 2853 1191 2964 fit,
1242 2877 1298 2941 et·
1337 2861 1541 2946 mercurius
1571 2883 1716 2971 quoque
1749 2863 1804 2946 ob
1834 2864 1927 2948 lunc

664 2987 831 3070 caulium
882 2985 1109 3094 interrumpi
1152 2979 1306 3096 [incipit.
1403 2987 1510 3072 Tulle
1554 2987 1665 3100 igitur
1714 2987 1821 3074 calor
1858 2989 1928 3075 else

667 3112 813 3220 debet,
866 3130 909 3192 ut
961 3107 1154 3196 adscendet
1205 3109 1414 3199 mercurius
1462 3137 1544 3197 uon
1584 3113 1699 3202 nimis
1728 3117 1924 3230 celeriter,

666 3238 865 3350 adeoque,
898 3257 1079 3347 quantum
1114 3235 1198 3322 fieri
1226 3239 1364 3354 potest,
1393 3241 1512 3328 lente.

816 3407 1043 3492 Attentioue
1076 3433 1214 3522 magne
1246 3411 1462 3522 opusest,
1518 3415 1766 3562 reprimunt
1800 3411 1930 3502 ebulli·

667 3534 783 3620 tionis
829 3533 976 3642 suguum
1026 3541 1151 3622 notari
1199 3538 1339 3648 possit,
1390 3542 1494 3652 quod
1532 3543 1742 3630 consistit
1730 3568 1770 3624 ut
1803 3549 1931 3654 primo

666 3662 824 3748 subsultu
857 3664 1071 3764 mercurii,
1125 3667 1297 3776 adeoque
1330 3668 1459 3779 primo
1487 3673 1759 3754 commotione
1791 3670 1934 3788 irrepr-

665 3790 752 3876 loti
815 3787 920 3872 liic
951 3790 1099 3901 primus
1131 3793 1305 3878 subtutus
1334 3795 1431 3880 cirea
1463 3800 1628 3883 eundern
1658 3771 1931 3882 thermometrl

668 3919 822 4027 gradum
854 3915 1028 4001 adcurate
1059 3918 1205 4031 semper
1234 3921 1354 4008 eous
1395 3946 1473 4006 non
1521 3925 1600 4034 est,
1648 3926 1806 4010 termini
1855 3925 1935 4010 suot
2047 4009 2048 4044 p

667 4044 768 4131 inter
798 4067 980 4128 numeros
1009 4070 1104 4150 414
1135 4066 1172 4130 et
1201 4073 1297 4158 424
1328 4052 1433 4159 supro
1463 4072 1507 4135 ο.

800 4210 919 4357 Quod
951 4209 1021 4296 fi
1010 4213 1124 4322 igitur
1152 4213 1321 4298 medium
1353 4208 1557 4300 sumatur
1544 4233 1643 4301 roter
1671 4208 1744 4314 hoo
1795 4239 1935 4304 nume

668 4364 763 4451 roo;
796 4333 949 4422 initium
976 4335 1208 4426 ebullitionis
1241 4339 1413 4426 mercurii
1444 4339 1512 4452 figi
1543 4343 1649 4454 posse
1679 4344 1830 4430 uidetur
1858 4347 1934 4430 eir-
2047 4345 2048 4356 '

668 4465 899 4586 trgndun
931 4465 1334 4579 419:715Fahr
1402 4467 1566 4560 Plurima
1584 4471 1939 4692 tetrperimpepppnpp!⁵
