4175 5642
201 529 206 543 ’
361 567 1213 679 nurcurrrrorurs.
1331 608 1422 696 μθ

36 808 37 817 '
149 810 253 901 dolo
284 809 369 920 ita,
419 827 464 894 rt
492 831 579 918 pare
609 805 830 918 pollutior,
878 807 1036 919 oblique
1066 810 1167 920 quasi
1211 813 1422 921 dedolata,

148 938 327 1052 apprelia
372 937 419 1023 fit
463 934 637 1044 coliae,
685 935 799 1038 ard
847 935 1080 1038 decidunt,
1128 937 1239 1022 lorea
1290 960 1422 1052 rotun·

147 1068 200 1152 da
248 1068 290 1152 in
333 1064 464 1170 colla,
523 1063 590 1146 ubi
639 1065 929 1170 adhaeserunt,
976 1061 1226 1175 conspicitur.
1311 1069 1419 1156 Folia

147 1195 316 1304 perum
354 1189 518 1302 liguram
566 1191 747 1302 equidem
793 1191 935 1278 habent
978 1189 1269 1299 lanceolarum,
1316 1199 1420 1281 colla

143 1341 277 1406 tamen
308 1319 461 1430 semper
492 1342 572 1402 non
604 1318 700 1404 nihil
731 1339 912 1423 arcuata,
964 1321 1190 1424 reclinatum
1222 1320 1310 1404 srllit
1359 1325 1423 1408 fo·

145 1448 260 1534 lium.
309 1444 369 1544 ‚Si
399 1465 605 1557 tanguntur
633 1471 781 1556 manu,
810 1445 943 1534 foliola
972 1446 1258 1558 complicantur
1285 1449 1332 1534 ad
1358 1473 1422 1534 co·

143 1575 245 1662 liam
277 1573 524 1677 immotam,
556 1574 617 1660 sed
648 1575 820 1683 tardius,
851 1599 900 1664 ac
931 1575 973 1659 in
1022 1573 1187 1673 mimula
1225 1576 1423 1666 lie-dicia

144 1704 287 1815 pudica
305 1764 327 1797 ,.
347 1725 472 1816 neque
504 1701 614 1791 facile
643 1721 735 1799 ante
766 1698 911 1813 aliquot
929 1701 1058 1803 ,horre
1102 1703 1245 1809 iterum
1294 1705 1424 1817 expli·

139 1849 309 1940 cantur,
339 1831 431 1920 hinc
463 1831 582 1936 etiam
613 1827 866 1916 difficillimus
892 1829 946 1914 eli
977 1829 1085 1914 labor
1125 1816 1312 1919 exsiccare
1360 1857 1422 1917 rr·
1507 1881 1509 1888 ·

141 1985 292 2068 mum,
322 1959 376 2050 ob
404 1959 573 2044 celerem
607 1957 811 2069 collapsum
840 1976 881 2042 et
911 1956 1218 2047 contradionern
1237 1961 1420 2070 partium.

140 2084 272 2172 Omni
302 2088 456 2199 vespere
475 2150 493 2191 ,
515 2105 556 2171 et
571 2096 667 2172 dum
685 2085 810 2197 pluuia
831 2085 971 2192 cadit,
1001 2085 1091 2170 folia
1119 2109 1272 2196 quoque
1305 2110 1421 2170 conr·

139 2215 331 2324 plicamur
359 2235 401 2299 er
416 2213 661 2326 dependent.
722 2211 888 2304 Duratio
917 2232 962 2298 er
989 2214 1105 2324 rigor
1130 2235 1268 2306 eorum
1283 2271 1286 2297 1
1300 2213 1422 2320 breuis

139 2341 356 2432 admodum
387 2341 475 2455 ell3
506 2343 597 2429 hinc
627 2335 765 2432 caules'
779 2359 821 2428 et
848 2341 952 2430 rami-
976 2341 1180 2454 adultiores*
1205 2341 1301 2428 soliis
1340 2341 1421 2424 fere

138 2471 268 2562 orbati
297 2490 339 2556 et
369 2471 547 2556 denudati
578 2489 798 2579 apparent,
833 2469 1031 2552 cacumina
1072 2492 1169 2551 reto
1217 2491 1416 2552 ramorum

138 2597 391 2702 dcflrruinm,
422 2595 734 2678 succrescentibus
778 2594 930 2710 semper
958 2592 1084 2698 aliie,
1133 2590 1280 2676 abunde
1328 2595 1420 2704 lup·

138 2724 272 2835 pleat.
346 2719 520 2831 stipulae
551 2717 751 2804 adfinem
785 2716 919 2828 petioli
949 2717 1095 2828 pofitae
1121 2718 1288 2810 surrex
1318 2719 1417 2831 dua·

139 2853 216 2933 bu's
248 2848 415 2960 partibus
441 2846 655 2933 conflantes
667 2900 682 2954 ,
720 2870 879 2958 quarum
911 2867 1024 2951 mr,
1069 2845 1170 2931 folio
1197 2847 1415 2962 contigue,

138 2978 274 3062 maior
298 2976 383 3075 eli,
430 2975 552 3064 ultera·
584 2997 680 3058 uero
698 3034 718 3075 ,‚
756 2972 973 3082 pedunculo
1008 2976 1223 3076 communi
1268 2976 1417 3082 axillnn‘

138 3103 314 3211 addam,
345 3102 474 3184 minor
503 3095 816 3209 deprehenditur.
878 3099 1056 3208 Figuram
1091 3099 1232 3186 lrabeat
1261 3099 1415 3187 lanceo-

140 3231 260 3316 latam
292 3245 333 3312 et
360 3229 400 3312 in
432 3224 817 3337 superficie-euterun
848 3223 1046 3310 nonnullae
1084 3227 1303 3314 rubicundas
1350 3253 1414 3313 ue·
1488 3297 1492 3308 .

141 3381 210 3442 ms
234 3419 259 3463 .,
309 3379 406 3466 quae
456 3353 646 3463 disparent
693 3353 904 3463 paullatim.
929 3435 945 3454 ,,
985 3351 1222 3440 Pedurrculur
1267 3355 1412 3460 florum
1484 3407 1488 3416 ·

141 3484 398 3588 communie,
427 3482 495 3569 =ad
525 3484 640 3572 latera
670 3479 852 3565 foliorum
902 3477 1069 3588 poitur.
1110 3479 1181 3565 litu
1231 3481 1414 3592 parallelo

122 3634 234 3722 ,cum
263 3610 397 3695 iisdem
427 3607 675 3724 extenditur,
706 3605 773 3706 his¹
803 3603 1018 3708 rumenell
1058 3601 1250 3716 longior,
1279 3606 1413 3693 filifor·

92 3758 96 3768 ’
142 3738 249 3826 mis.
277 3737 447 3846 pilolru,
479 3735 725 3842 irregulariter
757 3729 954 3834 ramosus,
979 3721 1136 3816 bradeia
1151 3734 1412 3844 ampleximu·

141 3862 238 3948 libus
256 3862 648 3951 urrato-acuminatis
676 3855 725 3946 ad
763 3857 953 3970 ungulum
973 3923 979 3950 ,
1000 3861 1224 3969 pediculum
1265 3861 1410 3953 florum

142 3991 285 4100 politis,
329 3991 420 4077 Flos
449 3994 580 4077 unicus
609 3990 799 4084 sustinetur
828 3986 1047 4098 pedunculo
1065 3989 1242 4098 propriu,
1266 3989 1410 4078 unciali
1486 4037 1497 4050 ,

141 4117 258 4220 fere,
291 4117 423 4202 cincio
453 4115 599 4205 duobus
627 4115 770 4209 rollolis
797 4121 916 4210 oriarp
931 4159 955 4179 -
970 4114 1190 4220 lanceolaris
1211 4117 1414 4230 opponis,

143 4246 183 4327 in
211 4244 364 4331 ambitu
391 4244 551 4350 ciliatis,
575 4263 618 4329 et
647 4245 765 4350 calyci
795 4241 898 4326 arere
923 4243 1139 4354 >¹apprralirr.
1200 4240 1328 4351 Calyx
1358 4246 1413 4332 eli

144 4371 426 4483 monophyllue
455 4371 688 4480 bipartinu,
713 4389 824 4480 parte
854 4367 971 4468 altera
1001 4371 1308 4480 poll-,uexillum
1325 4399 1407 4460 ma·
1506 4429 1508 4434 -

144 4497 257 4610 iore,
285 4499 463 4609 reflexa,
493 4500 626 4589 leuiter
653 4496 802 4598 bifida,
850 4498 892 4581 in
921 4497 1112 4604 nonnullis
1142 4497 1411 4613 speciminibus

739 4621 876 4716 Sea
1309 4629 1410 4713 inte-
