4175 5642
645 586 651 596 ⁴
707 669 804 774 rra
946 647 1191 752 cunnus
1240 649 1386 748 ruo.
1435 645 1513 745 nr
1551 637 1770 750 citor.
1937 632 1940 636 ’

700 891 897 978 bullieub‘r
925 889 1178 976 monstrante.
1235 883 1319 978 ‘Sed
1345 911 1429 976 uon
1468 885 1535 973 diu
1552 882 1733 992 domuit,
1766 881 1822 972 itt
1839 883 1980 976 netur

700 1017 787 1108 lntn
823 1020 989 1134 amplo
1010 1021 1243 1107 ebullitionit
1270 1019 1478 1132 vestigium
1514 1037 1615 1104 mox
1650 1017 1865 1128 adpareret.

844 1172 952 1267 Dein
995 1181 1103 1268 lente
1149 1199 1192 1266 et
1217 1181 1369 1294 placide
1394 1179 1536 1268 bullire
1566 1177 1730 1292 coepit,
1765 1201 1846 1288 quo
1884 1173 1977 1266 ndo

699 1310 917 1398 mercuriae
942 1312 985 1394 in
1017 1310 1306 1396 thermometrn
1338 1309 1467 1394 statim
1494 1305 1631 1396 bullire
1671 1304 1827 1416 coepit:
1872 1305 1976 1411 bntr·

704 1461 794 1521 rum
819 1437 905 1526 'hoc
936 1437 1023 1550 post
1070 1439 1332 1524 ebullitionem
1378 1436 1615 1547 frigentium
1643 1435 1685 1517 in
1714 1429 1872 1520 malm
1912 1433 1979 1519 du·
2048 1425 2049 1444 ³

701 1564 893 1656 'tllfimatn
926 1567 1041 1652 instar
1066 1567 1209 1680 lapidis
1237 1569 1330 1652 abiit
1359 1567 1506 1652 coloris
1535 1561 1768 1674 nigricantis.

855 1707 997 1800 Cernm
1026 1735 1219 1826 praeterea
1250 1717 1299 1800 ad
1315 1714 1579 1800 ebullitionem
1605 1709 1837 1822 coegimus,
1869 1705 1976 1821 phae-

704 1861 873 1930 nomem
904 1840 1005 1930 mihi
1035 1843 1231 1930 obseruata
1262 1844 1339 1928 huc
1373 1845 1546 1930 redeunt.

857 2003 902 2098 ι)
933 1984 1032 2078 Cera
1053 1990 1236 2103 liquefieri
1253 1998 1387 2106 coepit
1403 1993 1502 2078 circa
1528 1989 1689 2099 gradum
1717 1995 1782 2070 60
1816 1984 1911 2072 infra
1936 2006 1972 2068 n

591 2142 594 2145 ·
710 2109 763 2232 el
792 2111 943 2229 Spuma
971 2145 1065 2206 cum
1100 2121 1250 2231 lltepina
1280 2123 1379 2206 circa
1407 2121 1566 2230 gradum
1588 2143 1643 2219 ις
1664 2117 1806 2202 inirao
1826 2115 1877 2200 eli
1893 2134 1971 2207 ortu

708 2241 760 2357 3)
791 2241 960 2332 Ced'auit
990 2248 1087 2334 baec
1114 2248 1248 2357 spuma
1277 2269 1320 2334 et
1363 2247 1547 2358 strepitus.
1579 2247 1677 2331 circa
1714 2247 1876 2356 gradum
1921 2259 1966 2347 ας

603 2416 606 2423 ·
706 2377 864 2460 circiter
891 2381 999 2486 {upra
1024 2376 1368 2468 omonimus
1417 2371 1547 2486 spinis
1592 2373 1766 2485 sequutus
1812 2369 1894 2474 cll,
1938 2386 1971 2452 et

712 2509 763 2606 4)
793 2501 924 2611 paullo
952 2504 1038 2613 poli
1073 2527 1161 2590 tere
1209 2504 1340 2588 bullire
1372 2507 1535 2614 eoepit,
1579 2525 1658 2613 quo
1696 2502 1800 2587 sedin
1840 2495 1880 2610 sl
1907 2495 1971 2603 br·

707 2629 939 2744 drargytum
975 2629 1015 2714 in
1034 2630 1329 2718 thennometro
1347 2657 1497 2743 quoqne
1513 2630 1654 2716 bullire
1670 2629 1830 2740 incepit.
1861 2626 1971 2738 l'latu·¹

708 2779 821 2844 mant
849 2780 943 2844 cere
974 2781 1056 2844 non
1083 2763 1299 2872 concepit,
1331 2761 1526 2846 mercurio
1556 2760 1688 2846 bullire
1703 2763 1920 2870 incipiente.
2049 2767 2050 2782 ¹

867 2921 937 3009 Ex
965 2920 1072 3012 hisce
1102 2926 1383 3041 phoenomenis
1422 2928 1609 3016 recensitis
1657 2928 1755 3012 circa
1804 2923 1971 3012 ebullitio·
2046 2946 2049 3042 3

710 3073 811 3157 nem
842 3048 1022 3140 oleorum
1050 3055 1320 3167 exprellonrm
1349 3074 1392 3142 ct
1421 3081 1630 3168 corpomm
1669 3057 1880 3140 oleolorum
1908 3077 1973 3166 pa·
2048 3057 2049 3068 '

713 3197 776 3264 tet
805 3177 994 3288 primun,
1008 3181 1173 3296 gradtun
1205 3183 1340 3270 caloris
1371 3186 1554 3292 mercurii
1581 3183 1769 3270 bullientis
1802 3185 1841 3267 tir
1866 3205 1974 3298 gene·

710 3305 832 3392 entim
863 3307 979 3393 tribui
1009 3309 1147 3422 polle,
1175 3311 1259 3422 qnia
1293 3312 1359 3397 rel
1388 3316 1427 3396 in
1459 3314 1570 3398 initio
1596 3313 1734 3425 plenae
1748 3309 1975 3416 ebullitione,

711 3431 780 3518 rel
810 3434 940 3560 paullo
969 3433 1073 3550 poll,
1109 3441 1341 3528 mercurium
1372 3443 1413 3528 in
1446 3439 1735 3530 thermometro
1766 3425 1973 3528 bullenum

708 3559 935 3651 effecerunt.

861 3707 1016 3798 Deinde
1047 3713 1203 3826 adparet
1228 3719 1269 3806 in
1302 3717 1521 3810 ebullitione
1552 3717 1711 3836 gradum
1744 3717 1881 3810 caloris
1894 3711 1974 3804 cn'uss
2046 3805 2047 3824 ἶ

712 3836 874 3927 mntem
907 3864 986 3924 non
1020 3867 1197 3950 manere,
1214 3849 1279 3958 qni
1321 3874 1419 3936 teto
1458 3853 1746 3937 thermometro
1780 3843 1975 3936 mercuridi

713 3967 756 4052 in
798 3966 1016 4054 continuata
1067 3969 1287 4058 ebullitione
1338 3978 1532 4088 explorari
1588 3981 1749 4090 nequit,
1802 3981 1977 4088 quoniam

714 4093 796 4204 ipse
827 4099 1032 4180 mercurius
1064 4097 1111 4181 ad
1146 4099 1384 4187 bullitionem
1402 4108 1561 4216 cogitur.
1627 4109 1778 4218 Ratio,
1810 4131 1880 4190 cur
1896 4107 1982 4188 elut-

716 4221 830 4306 tnodi
860 4219 942 4305 olea
972 4225 1129 4334 gradum
1162 4227 1298 4314 caloris
1325 4233 1562 4318 constantem
1580 4223 1664 4316 non¹
1684 4239 1898 4339 retineant,
1920 4252 1986 4312 ne·
2045 4247 2046 4340 l

592 4457 600 4464 Ι
712 4371 794 4456 qne
822 4347 985 4435 retinere
1018 4351 1194 4464 polbnt‚
1227 4355 1290 4442 rel
1322 4381 1376 4444 ex
1408 4383 1458 4444 eo
1502 4361 1611 4446 facile
1660 4359 1913 4471 intelligitur,
1950 4373 1987 4439 et

713 4472 927 4586 pneuidert
956 4481 1120 4591 potest,
1157 4487 1258 4594 quod
1289 4485 1366 4571 lint
1392 4504 1562 4600 ‘corpora
1609 4489 1825 4574 admodum
1878 4485 1991 4572 bete·

714 4623 882 4724 tegeret
908 4668 922 4718 ,
946 4631 1047 4722 qnae
1079 4610 1121 4696 in
1153 4609 1354 4703 bullitione
1376 4618 1655 4708 confidentiam
1687 4613 1791 4708 suun
1837 4635 1886 4703 et
1933 4617 1991 4698 in·
2044 4693 2045 4716 p

2043 5207 2044 5226 l

2039 5575 2043 5597 l
