4175 5642
318 545 1173 665 DESCRIPTIONES.
1304 549 1397 677 {329'

129 787 308 889 Stamina
337 801 500 912 quinque
530 796 571 880 in
602 795 736 882 merlo
765 792 874 910 tubi,
920 792 1091 880 dislios'ia
1121 794 1261 880 habent
1310 793 1396 881 fila-

127 944 263 1009 menta
293 926 501 1014 breuiffima
528 943 573 1006 ct
626 920 802 1006 antherae
849 921 1132 1030 cylindraceas,
1177 923 1396 1028 tubulosat,

126 1076 268 1162 parom
301 1056 396 1138 inter
427 1054 461 1132 se
491 1050 766 1156 cohaerentes,
816 1047 903 1131 licet
949 1047 1167 1154 cylindrum
1216 1051 1395 1135 forment.

127 1176 314 1264 Pislillunt
347 1202 416 1288 per
446 1175 588 1261 dotem
620 1173 807 1260 descendit
834 1176 883 1259 ad
915 1171 1044 1258 semen
1074 1202 1223 1288 usque,
1267 1196 1305 1259 et
1353 1176 1395 1262 in

121 1306 381 1391 extremitate
409 1303 559 1405 altera,
603 1328 659 1386 ex
691 1303 785 1386 tubo
812 1301 1074 1421 exportesia,
1123 1305 1306 1388 diuiditur
1355 1304 1396 1386 in

125 1429 225 1514 duas
254 1431 386 1524 tubas,
434 1447 549 1540 procat
581 1431 620 1515 in
650 1429 854 1539 lingulatis.
944 1426 1109 1515 Semina
1156 1431 1397 1516 inuoluuntut

124 1558 250 1668 paleis
296 1558 542 1666 lanceolatia,
586 1581 753 1642 omnem
804 1555 999 1643 ambitum
1048 1557 1199 1645 illorum
1235 1562 1398 1668 uaginae

120 1683 621 1791 ioslarcircumdantibus,
653 1684 696 1768 in
726 1685 837 1795 apice
870 1683 1116 1792 prominente
1148 1686 1279 1772 colore
1312 1681 1401 1794 pnl-

121 1810 169 1898 lo
199 1810 380 1919 insessis,
421 1829 469 1894 et
497 1805 577 1894 mot
607 1812 812 1920 angulata,
862 1811 1046 1922 angusta,
1092 1833 1273 1898 coronata
1305 1811 1401 1896 duo·
1447 1821 1452 1838 “

122 1937 196 2023 bus
232 1939 428 2050 denticulis
454 1937 655 2039 subulatis‘,
682 1939 803 2022 altero
831 1938 1028 2045 breuioti,
1060 1941 1181 2025 altero
1212 1937 1406 2050 longiori,
1579 1982 1581 1986 -

113 2090 370 2176 quamquam
400 2087 678 2175 nonnunquam
712 2066 840 2171 alter,
889 2062 953 2148 tel
991 2065 1174 2173 deficiat,
1221 2067 1286 2150 rel
1329 2065 1402 2150 tix

122 2193 356 2302 conspicuus
382 2193 439 2278 sit.
519 2191 704 2283 Absoluta
735 2214 838 2278 nunc
869 2191 1039 2302 partium
1071 2192 1298 2305 singularum
1328 2215 1404 2276 ex·

126 2319 363 2432 positione,
418 2321 642 2431 progredior
691 2319 738 2404 ad
790 2319 1094 2406 constituendum
1141 2319 1402 2408 charadietem

120 2450 390 2554 genoricum,
419 2472 472 2532 ex
503 2449 646 2532 flomm
679 2467 721 2530 et
750 2445 902 2528 sennnis
926 2448 1150 2528 conditione
1182 2445 1408 2554 petendum·

117 2570 356 2662 &cundum
407 2573 637 2658 methodum
679 2596 702 2651 a
751 2565 839 2650 Cel.
888 2569 1078 2678 Maeuio
1125 2569 1404 2680 elaboratam,

114 2725 259 2810 qrtam
293 2699 453 2807 stquot,
500 2696 704 2806 pertinebit
734 2694 783 2778 ad
812 2693 961 2780 classem
992 2695 1137 2782 florum
1167 2697 1402 2807 compofito·

116 2851 230 2912 rum
282 2825 532 2935 mixtorum,
580 2842 618 2906 et
662 2821 691 2906 si
740 2820 975 2938 adtendimus
1022 2827 1070 2909 ad
1109 2824 1268 2934 reliquas
1299 2844 1409 2912 notae

112 2949 482 3052 chameletislicas,
532 2975 607 3060 pro
654 2948 919 3032 constitutione
969 2974 1154 3057 generum
1188 2951 1404 3061 adsumus,

118 3078 270 3186 quales
296 3074 378 3187 sunt
408 3075 522 3181 calyx
553 3073 793 3185 squamosus,
832 3074 1025 3158 thalamus
1056 3078 1249 3187 palearem
1281 3098 1320 3190 ct
1351 3078 1407 3164 se·

118 3207 247 3291 mina
276 3200 481 3312 angulosa,
511 3205 559 3285 ad
590 3226 707 3310 genus
741 3201 966 3294 Verbesitrae,
999 3203 1125 3315 planta
1157 3205 1256 3309 isla,
1300 3225 1407 3292 tam·

120 3354 257 3441 quam
288 3331 430 3438 species
456 3331 639 3441 genuina,
668 3330 859 3414 referenda
888 3329 955 3414 esl.
1018 3317 1292 3416 Differentiam
1323 3331 1411 3442 spe·

118 3456 295 3542 cificam
325 3457 373 3539 in·
397 3455 576 3542 soliorum
606 3456 677 3540 situ
705 3456 918 3566 opposito,
949 3474 993 3540 et
1021 3461 1233 3567 pedunculo
1263 3459 1406 3546 flomm

120 3582 251 3668 breui
282 3608 327 3668 ac
357 3583 587 3683 incrassato,
620 3583 734 3666 tribus
763 3579 864 3666 soliis
891 3583 1107 3667 conslantct
1136 3585 1304 3684 vestito,
1357 3584 1408 3670 sa·
1582 3603 1584 3612 ¹

118 3712 286 3795 cillime
318 3712 479 3794 inueniri
515 3711 624 3822 pose
665 3711 796 3793 credo.
859 3709 1032 3821 Reliquis
1072 3711 1195 3820 itaque
1229 3709 1408 3796 Verbefi-

119 3862 207 3922 nae
236 3837 444 3947 »speciebus
474 3839 690 3946 adiungatur
738 3841 895 3922 nomine
946 3835 1152 3946 specifico:
1204 3837 1409 3924 Verbefina

118 3963 244 4051 foliis
273 3963 455 4075 oppofitis
483 3966 735 4048 onam-acutis
751 3965 1073 4075 „integetrimis,
1121 3965 1285 4062 scabris,
1334 3988 1410 4076 pe-

120 4088 398 4179 dunculotum
430 4090 709 4176 summitatibus
734 4087 938 4177 incrassatis
977 4111 1019 4176 et
1066 4089 1216 4178 idiosts.
1290 4093 1411 4182 Non·

120 4219 238 4309 dum
270 4219 496 4306 odlcnnium
530 4217 710 4326 effluxit,
737 4244 789 4310 ex
819 4244 899 4329 quo
926 4222 1047 4304 rarior
1076 4218 1172 4304 hacc
1203 4221 1328 4332 planta
1358 4243 1412 4310 ex

123 4340 286 4436 Gallia
335 4346 375 4429 in
427 4339 679 4429 Germaniam
727 4341 877 4451 misia,
934 4346 1176 4434 nonnullis
1229 4349 1411 4438 innotuit.
1506 4455 1514 4462 ,

123 4471 352 4591 Quantum
400 4475 611 4576 recordor,
643 4467 732 4557 Cel.
783 4469 927 4563 Barth.
955 4474 1003 4557 de
1046 4471 1182 4581 sufflet
1228 4498 1314 4562 eam
1358 4497 1409 4561 cx

205 4593 757 4694 annuntiandum.
947 4599 1024 4723 Tr
1170 4609 1176 4624 ’
1287 4601 1410 4714 Αιιῑο-ἑ
1566 4693 1567 4696 ¹
