4175 5642
668 561 764 674 aar
989 521 1616 654 inauratura

667 799 710 885 in
753 793 872 880 lrotto
915 814 987 903 per
1033 787 1265 876 decennium
1317 790 1402 876 iarn
1449 791 1603 899 creuit,
1626 805 1692 877 ‘et
1737 791 1937 908 quotannis

663 915 843 1022 crullitie,
874 919 1088 1008 tutinnibus
1115 941 1155 1006 ct
1189 921 1356 1034 pluribus
1384 923 1555 1032 gemmis
1582 921 1735 1010 nodofia
1760 947 1930 1040 augetur,
2049 932 2052 943 '

660 1047 844 1163 latiusque
872 1045 1001 1160 serpit.
1030 1106 1035 1116 ·
1068 1050 1232 1162 Aliquot
1263 1073 1361 1136 nero
1390 1073 1584 1136 annornm
1613 1050 1774 1164 spatium
1806 1059 1937 1166 requi·

661 1186 727 1288 ri,
754 1200 961 1290 antequam
989 1176 1246 1264 sufficientem
1275 1179 1431 1288 copiam
1465 1181 1659 1265 succorum
1690 1183 1876 1294 colligat,
1893 1198 1933 1266 et

573 1348 575 1351 ·
660 1311 785 1396 caules
815 1309 994 1392 florentes
1019 1327 1062 1389 et
1094 1303 1238 1391 frudun
1266 1305 1503 1414 perficientes
1528 1305 1725 1419 proferat,
1756 1310 1833 1396 boc
1851 1313 1934 1394 iarn
2049 1312 2055 1399 ?'

659 1436 862 1525 adnotabit
899 1442 1099 1521 Arnmanus
1132 1439 1171 1519 in
1204 1429 1394 1546 Stirpiom
1422 1437 1652 1541 rariorum,
1686 1436 1730 1519 in
1755 1437 1938 1550 Imperio

659 1566 850 1656 Rotlreno
899 1568 1036 1674 sponte
1083 1566 1422 1674 proueniantium,
1471 1561 1811 1676 descriptionibus,
1857 1567 1934 1647 l'e·

660 1697 980 1806 tropolam.
1013 1723 1054 1798 4.
1094 1718 1135 1802 p.
1169 1713 1243 1798 30.
1279 1691 1343 1812 lll.
1377 1689 1566 1780 Linnaeus
1605 1693 1648 1776 in
1685 1690 1799 1776 Horo
1833 1688 1934 1800 Vps.

659 1849 704 1935 p.
738 1827 813 1928 3⁶·
848 1821 972 1906 catules
1001 1823 1156 1932 plantae
1185 1819 1335 1930 pedales
1365 1821 1496 1930 uidit,
1546 1817 1694 1912 nullum
1726 1841 1829 1904 vero
1855 1819 1937 1902 flo-

659 1975 746 2065 rem
778 1949 843 2035 rel
869 1947 1075 2050 seudum,
1124 1948 1263 2032 exinde
1294 1949 1413 2032 etiarn
1447 1947 1548 2032 banc
1587 1945 1746 2058 stirpem
1796 1969 1937 2056 geuene

658 2076 782 2162 dubio
800 2141 829 2190 ,Ι
846 2068 1205 2194 Mefferschmicda,
1249 2075 1396 2161 tradere
1425 2073 1582 2162 condus
1610 2075 1681 2159 est.
1754 2072 1936 2160 Eandem

657 2205 792 2289 denuo
820 2205 862 2288 in
894 2201 1011 2312 Spec.
1047 2201 1212 2312 plantat.
1247 2228 1290 2310 p.
1330 2215 1436 2308 ran·
1468 2205 1568 2286 inter
1596 2202 1761 2289 incertas
1810 2199 1936 2286 adbuc

659 2332 809 2444 plantas
853 2331 1147 2448 Tournesortiae
1197 2330 1328 2440 generi
1376 2315 1597 2417 adsocianit.
1671 2327 1781 2412 Mihi
1810 2329 1936 2442 itaque

660 2453 883 2541 subnascitur
914 2459 1098 2567 inspicio,
1135 2458 1173 2536 in
1203 2458 1323 2543 horto
1352 2455 1580 2564 Vpsaliensr,
1610 2473 1779 2541 aetatem
1798 2457 1935 2544 iustam

658 2584 836 2669 nondum
867 2587 1077 2670 'adsecutam
1099 2597 1127 2686 ,⁴
1147 2605 1264 2691 aeque
1293 2607 1337 2665 ac
1369 2582 1470 2667 olim
1502 2583 1601 2690 hic,
1633 2581 1747 2666 florea
1775 2584 1936 2672 nudus-

654 2737 737 2824 que
755 2709 1070 2827 serrenrecusate.
1167 2707 1323 2812 Eraclia
1341 2737 1373 2816 ,·
1407 2735 1481 2796 nec
1511 2712 1612 2820 apud
1641 2733 1713 2794 nos
1754 2715 1937 2824 sperfic1t,

657 2841 752 2944 licet
776 2830 981 2952 quotannis
1010 2840 1162 2941 flooeat,
1196 2859 1237 2922 et
1265 2863 1335 2922 eoa
1366 2841 1582 2947 promittat.
1613 2840 1778 2928 -Radix
1811 2844 1938 2954 itaque
2000 2907 2003 2912 -

654 2956 813 3078 depicla
845 2970 892 3052 ad
925 2967 1129 3074 exemplar
1157 2959 1316 3075 recens,
1343 2967 1397 3050 est
1428 2959 1601 3076 perennis
1621 3021 1639 3074 ,·
1671 2967 1817 3054 calami
1846 2977 1935 3058 olo-

659 3094 737 3179 rini
761 3095 955 3196 crassitie,
989 3113 1145 3197 tenax,
1184 3113 1295 3196 extus
1326 3093 1522 3202 spadicea,
1573 3095 1700 3182 multis
1730 3097 1935 3202 tuberculis

659 3244 732 3304 ceu
764 3238 826 3304 tot
855 3221 1027 3329 gemmis
1056 3222 1097 3303 in
1129 3221 1237 3304 omni
1269 3224 1416 3306 ambitu
1463 3225 1665 3333 praedita,
1713 3223 1937 3313 horizonta·

659 3347 751 3432 liter
780 3372 953 3460 repens,
984 3371 1026 3430 et
1054 3349 1226 3458 copiosis·
1247 3349 1435 3434 fibtillnlis
1462 3351 1695 3460 capillaribut
1724 3354 1774 3436 ad
1803 3359 1937 3444 tober-

656 3476 774 3577 culr,
823 3495 863 3560 et
908 3477 974 3558 vbi
1008 3471 1166 3600 finitur,
1217 3477 1423 3596 instructa,
1477 3480 1577 3562 intua
1607 3477 1689 3564 alba
1721 3501 1762 3566 et
1790 3507 1929 3592 parurn

649 3602 816 3690 ‘sucosa
885 3597 1015 3690 Caulis
1053 3603 1365 3690 adscendensest
1396 3605 1561 3718 firmus,
1606 3609 1769 3694 inflexus
1798 3628 1932 3700 tannen
2054 3643 2055 3710 l

659 3732 895 3843 aliquantum
930 3733 978 3818 ad
1004 3754 1173 3836 terram,
1204 3733 1354 3832 inferius
1381 3737 1590 3839 rotondus,
1619 3739 1813 3848 superius,
1864 3745 1931 3830 vbi

660 3862 761 3947 tami
792 3884 844 3942 ex
891 3860 1185 3968 alis‚soliurom
1236 3882 1410 3961 exerunt„
1460 3863 1654 3972 angulata
1665 3929 1685 3972 ,‚
1733 3864 1930 3978 hispidus,

652 3986 761 4072 ‚soliis
789 3987 975 4096 copiosus,
998 4009 1044 4088 et
1075 3991 1191 4072 tarnis
1221 3992 1268 4074 ad
1290 4013 1483 4089 :cacumen
1506 4015 1635 4102 ¹unque
1653 4041 1693 4099 ,φ
1712 3995 1784 4078 ubi
1818 3997 1934 4084 floren

661 4116 930 4221 collocantur,
963 4116 1126 4216 vellinae.
1211 4115 1318 4200 Folia
1347 4119 1489 4204 caulina
1516 4139 1555 4204 et
1585 4145 1713 4206 ramea
1744 4124 1828 4209 sont
1861 4153 1932 4212 an·
2054 4201 2055 4243 ,

662 4243 794 4352 golla,
845 4242 1081 4341 lanceolata,
1124 4246 1301 4354 integra,
1327 4250 1519 4334 tenuibus
1565 4267 1604 4332 et
1652 4249 1935 4366 eopiosupilis

654 4370 812 4472 obsita,
863 4374 905 4458 in
954 4367 1087 4461 euersa
1125 4391 1231 4482 parte
1281 4397 1335 4461 ex
1366 4377 1492 4461 albido
1521 4376 1680 4460 virentia
1713 4397 1756 4462 et
1786 4381 1933 4472 sericea

661 4501 761 4610 quali
794 4500 916 4611 baie,
945 4502 987 4586 in
1015 4502 1164 4588 aduersa
1189 4503 1410 4615 profundius
1436 4507 1560 4592 virore
1591 4503 1774 4621 persob,
1804 4517 1936 4600 neruis

1214 4678 1221 4695 ’
1315 4685 1333 4718 .-
1891 4659 1942 4726 et
