4175 5642
374 543 546 640 ιιι
608 537 1057 639 serenus.
1296 571 1392 660 ³4,

123 785 200 876 nuti
232 785 355 898 poue.
415 781 524 874 Nam
555 807 636 898 quo
662 780 812 894 lougius
840 781 1080 870 continuatur
1108 779 1311 890 ebullitio,
1343 809 1394 874 eo

120 916 250 1025 plures
283 937 447 1026 sopores
473 915 581 1023 aquei
608 914 745 998 abeunt
784 915 824 997 iu
871 935 958 999 ueta
1005 909 1156 998 necesse
1204 915 1289 1023 est,
1340 935 1395 1000 eo

120 1044 242 1150 magis
271 1045 386 1153 igitur
417 1064 567 1150 quoque
600 1041 835 1127 confistentiu
866 1040 972 1124 fluidi
1007 1061 1178 1126 mutetur
1219 1052 1395 1154 oportet.

119 1164 439 1256 Continumimus
467 1171 507 1253 iu
539 1171 670 1254 nolitis
698 1170 978 1280 experimentis
1006 1169 1267 1254 ebullitionem
1315 1170 1391 1256 do·

116 1321 187 1382 uec
221 1297 425 1380 muuiiesto
453 1295 590 1382 solutio
620 1298 665 1380 iu
711 1298 936 1407 quibusdum
966 1292 1110 1409 spiffiot
1154 1294 1254 1383 sudio
1302 1297 1393 1414 eli,

119 1426 155 1508 iu
186 1427 269 1510 aliis
299 1449 392 1508 uero
421 1424 545 1512 donoc
578 1423 661 1509 sete
690 1425 853 1510 dimidiu
884 1449 981 1536 aqua
1022 1425 1134 1511 stetit
1173 1445 1394 1538 euupotots.

118 1555 227 1669 Quae
277 1551 480 1638 solutiones
528 1547 604 1638 fere
651 1557 819 1639 eundem
852 1552 988 1638 colosis
1016 1553 1179 1664 gradum
1213 1553 1254 1638 iu
1284 1553 1397 1640 ebul.

116 1683 248 1772 litioue
307 1683 570 1789 retinuerunt,
634 1704 696 1764 eas
752 1681 803 1767 ab
859 1705 956 1793 sque
1009 1681 1215 1767 communi
1259 1703 1397 1790 patum

115 1828 177 1894 eut
227 1807 322 1894 nibil
370 1809 535 1894 omnino
579 1807 659 1894 hot
709 1807 882 1921 respestu
915 1807 1097 1918 differes,
1151 1805 1409 1896 menifestum·

115 1937 181 2021 est.
267 1934 521 2022 Caeterum
511 1960 551 2018 ιιι
598 1937 789 2024 eiusmodi
835 1940 1116 2060 experimentis
1167 1936 1303 2024 omma
1348 1937 1399 2026 au

115 2065 305 2178 punsium
339 2061 587 2152 determinari
627 2089 708 2148 nou
756 2063 895 2178 posse.
944 2066 1004 2150 sed
1053 2092 1145 2152 cum
1192 2063 1396 2152 latitudine

114 2195 279 2307 quadum
309 2194 384 2279 esse
415 2192 683 2306 intelligendu,
713 2193 794 2280 iam
829 2212 920 2280 ante
938 2196 1158 2280 monuimus
1177 2216 1339 2304 ,quum
1356 2208 1400 2278 et

114 2326 298 2408 materiae
325 2323 476 2408 ratione
507 2321 684 2407 bonitatis
714 2321 863 2406 differre
902 2339 1073 2433 queant,
1120 2338 1163 2405 et
1211 2319 1290 2403 uix
1333 2317 1401 2410 snb

114 2449 250 2540 iisdem
282 2452 567 2538 circumstantiis
598 2436 752 2562 semper
782 2452 907 2556 repeti
940 2440 1098 2558 possint

267 2582 373 2666 llaec
404 2579 586 2660 hasienus
616 2578 666 2658 de
704 2574 948 2657 solutionibus
980 2569 1144 2663 filium,
1189 2567 1374 2682 piures
1359 2599 1401 2663 ιιι

110 2710 348 2823 posterum
344 2703 678 2802 communicabo,
714 2700 776 2784 sed
807 2721 909 2784 nuuc
939 2697 988 2784 td
1015 2698 1093 2784 ulie
1126 2701 1400 2847 experimento

111 2833 445 2947 proguedimdum
476 2832 563 2938 esi,
594 2825 735 2913 scilicet
764 2827 815 2913 ud
832 2851 878 2912 eo
896 2852 1038 2940 ,quse
1069 2827 1135 2912 de
1132 2829 1249 2911 uiuis
1266 2845 1306 2913 et
1322 2827 1399 2942 spi
1551 2857 1558 2864 ·

109 2964 250 3048 ritibus
282 2963 364 3047 vini
392 2961 583 3071 cepimus
685 2956 792 3042 Viuo
826 2955 945 3040 vatia
973 2957 1100 3040 varios
1129 2951 1280 3064 uigoris
1310 2979 1403 3068 grs-

112 3089 226 3174 sius
214 3113 257 3175 m
288 3086 435 3173 ultimo
465 3081 659 3170 fluiditutis
689 3103 732 3168 et
765 3081 897 3196 primo
935 3081 1126 3168 firmitatis
1158 3081 1253 3168 statu
1296 3083 1402 3168 tule-

113 3239 232 3328 runt,
262 3217 452 3305 nimitum
485 3213 551 3297 iub
580 3208 821 3322 sequentibus
846 3207 1000 3390 uigoris
1032 3209 1256 3322 genuus
1244 3233 1287 3296 ιιι
1317 3197 1404 3332 gie*

112 3347 214 3430 ciem
251 3344 440 3431 ttunfiere.

115 3473 265 3563 Vinum
275 3473 384 3585 istsp.
391 3471 531 3558 utillud
531 3462 915 3584 quouseoununr
916 3467 1056 3555 shuttu
1065 3465 1161 3578 gloc
1167 3467 1229 3556 iub
1239 3495 1297 3583 gr
1311 3453 1422 3576 167,

115 3601 270 3689 Vinum
299 3603 428 3687 ‘sunto
455 3601 604 3686 nidum
850 3634 878 3660 ··

116 3728 277 3818 Modera
309 3726 510 3816 Multulier
633 3771 662 3796 ·

115 3861 262 3947 Vinum
297 3861 558 3970 Huugaricum
591 3869 709 3942 setun
846 3896 878 3924 ι-

117 3987 279 4076 Medera
312 3972 455 4074 simun
648 4029 678 4051 ··

118 4118 264 4204 Vinum
296 4114 582 4230 Beuguudiuum
639 4155 670 4186 -

119 4245 263 4331 Vinum
292 4249 559 4334 Flotentiotun
639 4274 670 4311 e·
856 4289 887 4313 -
1073 4283 1106 4306 ··

121 4373 263 4458 Vinum
297 4378 527 4484 Roquemoe
642 4412 676 4440 ··
859 4413 891 4453 ᾳ
1078 4409 1109 4432 ··

124 4497 497 4620 VimmMengaux
565 4567 576 4584 .
645 4544 695 4572 ι·-
861 4543 896 4569 ·
1078 4489 1137 4569 ·'
