4175 5642
679 492 771 571 206
903 466 1683 575 Drchtoaliouus

515 703 594 785 Tb,
617 701 658 781 Π
779 712 928 801 XV.
963 718 1025 799 Ac
1057 711 1183 823 regula
1210 714 1361 823 quidem
1393 709 1486 798 haee
1516 726 1620 796 certo
1649 705 1793 795 utut
1780 733 1822 795 ιιι
1859 708 1942 801 toul.
2042 672 2046 807 i

514 802 586 907 ¹¹¹5·
616 831 649 883 ²
681 842 787 957 poris
816 862 923 951 parte
952 842 1153 951 posteriori
1183 838 1350 953 ENB3
1397 842 1428 926 li
1468 842 1574 923 enim
1604 860 1807 983 ponamus,
1824 865 1869 924 ιι
1897 845 1936 924 in

676 991 782 1085 parte
814 971 1005 1078 anteriori,
1023 970 1096 1053 elie
1125 995 1247 1057 uzu
1264 970 1346 1054 cos.
1365 960 1425 1078 ψ’
1444 1033 1457 1077 ,
1491 968 1632 1081 puppis
1660 971 1764 1054 nauis
1793 972 1938 1082 praeci·
2047 961 2048 1008 ¹

678 1100 716 1183 se
745 1114 845 1182 tanta
875 1097 918 1179 ri
949 1097 1256 1209 propelleretur,
1284 1118 1422 1209 quanta
1455 1122 1569 1206 prora
1585 1093 1804 1208 repellitur3
1840 1097 1934 1182 vnde

679 1250 701 1311 a
734 1224 879 1334 puudio
911 1224 948 1309 E
979 1227 1181 1311 retrorsum
1213 1224 1374 1311 formula
1402 1248 1524 1311 uzu
1538 1224 1616 1307 cos.
1637 1212 1696 1329 Φ’
1738 1248 1788 1308 eo
1815 1225 1938 1332 magis

678 1378 700 1436 a
733 1353 896 1435 veritate
927 1352 1125 1459 discedet,
1156 1376 1231 1465 quo
1260 1360 1414 1468 propius
1451 1356 1499 1441 ad
1553 1348 1591 1435 B
1639 1355 1935 1465 pemeniamus3

677 1495 826 1563 tanturn
859 1504 953 1592 ergo
982 1483 1024 1564 in
1055 1502 1162 1592 parte
1190 1486 1368 1568 anteriori
1400 1480 1557 1588 AME,
1572 1501 1751 1593 tauquam
1770 1483 1935 1567 toleran-

552 1624 561 1632 “
678 1626 738 1689 ter
769 1630 894 1715 uera,
929 1608 1088 1694 admitti
1125 1611 1264 1720 potest.
1330 1609 1489 1695 Interim
1522 1628 1674 1693 tamen·
1702 1607 1795 1693 hinc
1845 1632 1939 1693 con·

680 1734 859 1818 iedlundo
889 1734 1056 1845 suspicari
1072 1741 1303 1846 poterimus,
1317 1739 1522 1849 quomodo
1538 1759 1668 1822 motus
1683 1762 1803 1849 aquae
1830 1756 1942 1847 prte-

680 1860 893 1943 terlabentis
923 1864 1021 1959 circa
1054 1866 1224 1973 puppim
1265 1868 1368 1949 nauis
1416 1862 1548 1951 ENB
1576 1866 1612 1947 se
1644 1867 1688 1949 lit
1737 1864 1940 1953 habiturus.

678 1981 720 2069 Si
751 1988 856 2070 enim
891 1990 1032 2100 puppis
1062 1988 1159 2071 nihil
1188 1993 1236 2077 ad
1268 1993 1512 2078 resilientium
1562 1990 1760 2099 conserat,
1792 2011 1941 2078 certum

684 2112 751 2217 est,
768 2138 901 2223 aquam
930 2117 978 2198 ab
1010 2115 1049 2201 E
1080 2116 1129 2198 ad
1160 2113 1198 2199 B
1227 2120 1417 2205 celeritate
1445 2118 1630 2206 uniformi
1669 2119 1866 2225 defluere,
1897 2139 1942 2203 ea
2049 2103 2051 2196 i

520 2337 523 2347 Ι
678 2235 830 2341 seilicet,
851 2266 945 2349 quae
974 2242 1155 2324 debeatur
1185 2244 1372 2329 altitudini
1403 2274 1457 2351 e,
1488 2266 1530 2328 et
1560 2270 1676 2353 quam
1706 2249 1787 2331 iam
1821 2250 1865 2330 in
1906 2243 1946 2331 E

679 2366 930 2474 recuperauit.
968 2365 1066 2453 ·Sin
1099 2385 1227 2453 autem
1259 2373 1300 2453 in
1328 2371 1401 2457 hac
1429 2388 1536 2485 parte
1570 2370 1707 2453 lentius
1737 2372 1949 2479 decurrat,

672 2492 786 2577 nauis
813 2492 907 2576 hinc
937 2495 1224 2604 propulliouem
1256 2500 1456 2607 accipiet,
1478 2522 1559 2608 qua
1587 2498 1795 2581 refilleutia
1824 2497 1949 2581 dimi-

676 2638 827 2702 nuenrr.
890 2620 995 2731 Fieri
1025 2640 1164 2705 autem.
1184 2624 1339 2727 nequit,
1369 2641 1417 2705 ut
1445 2644 1609 2732 usquam
1638 2624 1773 2717 euadat
1804 2647 1835 2706 o
1850 2625 1940 2730 >n

680 2744 769 2854 quia
809 2766 897 2831 tunc
930 2747 1065 2856 prellto
1096 2746 1271 2856 prodiret
1299 2752 1485 2859 negatina.
1519 2747 1611 2832 lloc
1642 2750 1746 2833 enim
1779 2749 1869 2836 casu
1900 2776 1942 2837 a·

679 2896 752 2981 qua
783 2868 872 2981 post
901 2877 1031 2957 nanim
1051 2899 1217 2959 uacuum
1235 2878 1497 2985 relinqueret,
1529 2891 1571 2958 et
1604 2878 1710 2958 nauis
1739 2879 1843 2987 quali
1874 2878 1941 2963 sul·
2049 2905 2051 2910 ·

679 3020 769 3077 eum
805 2996 990 3107 traheret3
1016 2999 1117 3082 vnde
1144 3001 1200 3082 ob
1226 3004 1474 3091 deficientem
1505 2998 1738 3115 predionem
1769 3030 1794 3091 a
1809 3025 1939 3132 tergo

534 3142 548 3161 ·
679 3119 880 3203 renuentia
914 3124 1042 3234 utique
1075 3147 1289 3235 augeretur.

831 3247 950 3332 XVI.
979 3248 1070 3334 Si
1058 3254 1172 3359 igitur
1202 3259 1326 3369 puppi
1355 3236 1461 3349 nauis
1489 3262 1627 3352 ENB
1675 3259 1937 3350 eiusmodifi·

679 3396 772 3484 gnra
805 3376 916 3459 tribui
955 3374 1113 3487 pollet,
1163 3403 1210 3466 ut
1238 3412 1334 3495 aqua
1365 3392 1413 3475 ab
1442 3391 1481 3476 E
1514 3399 1612 3476 etB
1660 3392 1939 3502 progrediendo
2049 3393 2050 3428 ¹

678 3501 983 3605 retardaretur,
1009 3526 1122 3633 atque
1165 3510 1261 3626 circa
1293 3513 1336 3599 N
1369 3514 1475 3601 etB
1521 3520 1737 3604 minorem
1765 3519 1937 3605 habiturn

679 3624 773 3709 eisct
805 3622 1039 3715 celeritatem
1042 3660 1191 3742 ,quam
1221 3640 1363 3733 qu,
1395 3645 1478 3729 talis
1507 3644 1628 3756 figura
1666 3647 1938 3732 conllmdiioui

602 3846 604 3851 ,
645 3756 835 3873 ³nauium
868 3758 955 3843 esset
984 3760 1170 3871 nptilsrma
1205 3768 1399 3855 iudicanda
1420 3775 1554 3881 ,quia
1586 3774 1664 3858 hoc
1693 3775 1819 3856 modo
1850 3798 1937 3889 aqua
2049 3867 2050 3870 ι

678 3883 842 3993 puppim
890 3888 986 3973 adeo
1034 3890 1242 3976 antrorsum
1299 3899 1575 4045 propelleret,
1619 3901 1937 4014 reliiieotiamque
2049 3935 2050 3944 ι

676 4035 812 4118 prorae
843 4011 1086 4097 diminueret.
1153 4018 1297 4105 Verum
1329 4025 1355 4108 fi
1381 4032 1661 4136 exponendam
1678 4025 1936 4140 consulamus,
2049 4023 2050 4030 ‘

675 4136 796 4221 talem
829 4137 988 4246 figuram
1028 4144 1102 4228 uix
1144 4148 1222 4230 dari
1274 4151 1452 4261 colligere
1501 4154 1622 4259 licet,
1673 4158 1762 4268 quin
1813 4160 1936 4268 potius

551 4326 555 4331 .
676 4266 805 4347 omnis
837 4290 921 4349 curu
936 4292 1004 4351 ,ιο
1035 4271 1198 4358 conferri
1227 4276 1364 4362 debere
1397 4279 1580 4387 uidemr,
1612 4299 1736 4367 utne
1775 4287 1931 4372 altemm

413 4396 418 4403 ·
675 4386 971 4481 incommodum
1005 4398 1072 4485 usu
1103 4404 1265 4514 teniat,
1315 4432 1396 4522 quo
1434 4408 1489 4495 ob
1524 4434 1685 4497 uacuum
1718 4436 1818 4525 pene
1867 4434 1937 4492 na·

1837 4560 1930 4621 uem
