<?xml version="1.0" encoding="UTF-8"?>
<!DOCTYPE html PUBLIC "-//W3C//DTD XHTML 1.0 Transitional//EN"
    "http://www.w3.org/TR/xhtml1/DTD/xhtml1-transitional.dtd">
<html xmlns="http://www.w3.org/1999/xhtml" xml:lang="en" lang="en">
 <head>
  <title>
</title>
<meta http-equiv="Content-Type" content="text/html;charset=utf-8" />
  <meta name='ocr-system' content='tesseract 3.04.00' />
  <meta name='ocr-capabilities' content='ocr_page ocr_carea ocr_par ocr_line ocrx_word'/>
</head>
<body>
  <div class='ocr_page' id='page_1' title='image "./novicommentarii06sssrgoog/novicommentarii06sssrgoog_0359.png"; bbox 0 0 4175 5642; ppageno 0'>
   <div class='ocr_carea' id='block_1_1' title="bbox 638 482 1594 609">
    <p class='ocr_par' dir='ltr' id='par_1_1' title="bbox 638 482 1594 609">
     <span class='ocr_line' id='line_1_1' title="bbox 638 482 1594 609; baseline -0.008 -8"><span class='ocrx_word' id='word_1_1' title='bbox 638 530 724 609; x_wconf 62' lang='lat' dir='ltr'>aar</span> <span class='ocrx_word' id='word_1_2' title='bbox 958 482 1594 603; x_wconf 78' lang='lat' dir='ltr'>onacnrinro</span> 
     </span>
    </p>
   </div>
   <div class='ocr_carea' id='block_1_2' title="bbox 638 730 2057 1741">
    <p class='ocr_par' dir='ltr' id='par_1_2' title="bbox 638 730 2057 1741">
     <span class='ocr_line' id='line_1_2' title="bbox 787 730 1957 860; baseline -0.002 -37"><span class='ocrx_word' id='word_1_3' title='bbox 787 736 860 823; x_wconf 82' lang='lat' dir='ltr'>His</span> <span class='ocrx_word' id='word_1_4' title='bbox 890 736 943 821; x_wconf 89' lang='lat' dir='ltr'>ira</span> <span class='ocrx_word' id='word_1_5' title='bbox 975 732 1187 849; x_wconf 80' lang='lat' dir='ltr'>dispolitir,</span> <span class='ocrx_word' id='word_1_6' title='bbox 1220 734 1420 822; x_wconf 76' lang='lat' dir='ltr'>mediante</span> <span class='ocrx_word' id='word_1_7' title='bbox 1452 730 1610 819; x_wconf 83' lang='lat' dir='ltr'>cochlea</span> <span class='ocrx_word' id='word_1_8' title='bbox 1642 730 1675 818; x_wconf 82' lang='lat' dir='ltr'>F</span> <span class='ocrx_word' id='word_1_9' title='bbox 1708 754 1795 841; x_wconf 85' lang='lat' dir='ltr'>pan</span> <span class='ocrx_word' id='word_1_10' title='bbox 1824 758 1905 821; x_wconf 90' lang='lat' dir='ltr'>mo·</span> <span class='ocrx_word' id='word_1_11' title='bbox 1946 840 1957 860; x_wconf 87' lang='lat'><strong>.</strong></span> 
     </span>
     <span class='ocr_line' id='line_1_3' title="bbox 640 858 1915 975; baseline -0.007 -21"><span class='ocrx_word' id='word_1_12' title='bbox 640 868 725 955; x_wconf 86' lang='lat' dir='ltr'>bilia</span> <span class='ocrx_word' id='word_1_13' title='bbox 756 866 809 975; x_wconf 87' lang='lat' dir='ltr'>E,</span> <span class='ocrx_word' id='word_1_14' title='bbox 839 886 919 948; x_wconf 77' lang='lat' dir='ltr'>rna</span> <span class='ocrx_word' id='word_1_15' title='bbox 967 887 1059 946; x_wconf 88' lang='lat' dir='ltr'>cum</span> <span class='ocrx_word' id='word_1_16' title='bbox 1108 860 1175 949; x_wconf 79' lang='lat' dir='ltr'>fito</span> <span class='ocrx_word' id='word_1_17' title='bbox 1219 867 1355 971; x_wconf 84' lang='lat' dir='ltr'>diico,</span> <span class='ocrx_word' id='word_1_18' title='bbox 1400 882 1533 963; x_wconf 82' lang='lat' dir='ltr'>contra</span> <span class='ocrx_word' id='word_1_19' title='bbox 1578 858 1915 970; x_wconf 77' lang='lat' dir='ltr'>cochliditypuna,</span> 
     </span>
     <span class='ocr_line' id='line_1_4' title="bbox 638 989 1914 1105; baseline -0.008 -23"><span class='ocrx_word' id='word_1_20' title='bbox 638 996 781 1105; x_wconf 84' lang='lat' dir='ltr'>hicque</span> <span class='ocrx_word' id='word_1_21' title='bbox 811 1009 940 1076; x_wconf 83' lang='lat' dir='ltr'>contra</span> <span class='ocrx_word' id='word_1_22' title='bbox 974 991 1120 1075; x_wconf 87' lang='lat' dir='ltr'>discum</span> <span class='ocrx_word' id='word_1_23' title='bbox 1160 993 1409 1103; x_wconf 81' lang='lat' dir='ltr'>oppofitum,</span> <span class='ocrx_word' id='word_1_24' title='bbox 1427 989 1705 1104; x_wconf 57' lang='lat' dir='ltr'>promultam</span> <span class='ocrx_word' id='word_1_25' title='bbox 1752 989 1914 1097; x_wconf 85' lang='lat' dir='ltr'>denique</span> 
     </span>
     <span class='ocr_line' id='line_1_5' title="bbox 640 1114 2057 1230; baseline -0.008 -21"><span class='ocrx_word' id='word_1_26' title='bbox 640 1122 923 1230; x_wconf 81' lang='lat' dir='ltr'>cochliditypuc</span> <span class='ocrx_word' id='word_1_27' title='bbox 951 1120 1105 1227; x_wconf 84' lang='lat' dir='ltr'>gyrgilli</span> <span class='ocrx_word' id='word_1_28' title='bbox 1135 1144 1213 1229; x_wconf 84' lang='lat' dir='ltr'>ope</span> <span class='ocrx_word' id='word_1_29' title='bbox 1244 1127 1390 1203; x_wconf 85' lang='lat' dir='ltr'>circum</span> <span class='ocrx_word' id='word_1_30' title='bbox 1429 1138 1635 1225; x_wconf 74' lang='lat' dir='ltr'>morunt,</span> <span class='ocrx_word' id='word_1_31' title='bbox 1677 1116 1728 1201; x_wconf 83' lang='lat' dir='ltr'>iic</span> <span class='ocrx_word' id='word_1_32' title='bbox 1768 1114 1917 1199; x_wconf 82' lang='lat' dir='ltr'>cochii·</span> <span class='ocrx_word' id='word_1_33' title='bbox 2056 1193 2057 1210; x_wconf 21' lang='lat' dir='ltr'>p</span> 
     </span>
     <span class='ocr_line' id='line_1_6' title="bbox 642 1243 1918 1356; baseline -0.008 -21"><span class='ocrx_word' id='word_1_34' title='bbox 642 1251 738 1354; x_wconf 86' lang='lat' dir='ltr'>dia,</span> <span class='ocrx_word' id='word_1_35' title='bbox 781 1250 828 1337; x_wconf 84' lang='lat' dir='ltr'>ad</span> <span class='ocrx_word' id='word_1_36' title='bbox 859 1244 998 1331; x_wconf 80' lang='lat' dir='ltr'>frontes</span> <span class='ocrx_word' id='word_1_37' title='bbox 1047 1245 1236 1331; x_wconf 88' lang='lat' dir='ltr'>discoturn</span> <span class='ocrx_word' id='word_1_38' title='bbox 1281 1245 1485 1356; x_wconf 82' lang='lat' dir='ltr'>oppoliton</span> <span class='ocrx_word' id='word_1_39' title='bbox 1533 1243 1603 1327; x_wconf 85' lang='lat' dir='ltr'>sele</span> <span class='ocrx_word' id='word_1_40' title='bbox 1651 1243 1918 1354; x_wconf 73' lang='lat' dir='ltr'><strong>applicantia,</strong></span> 
     </span>
     <span class='ocr_line' id='line_1_7' title="bbox 640 1373 1919 1485; baseline -0.006 -22"><span class='ocrx_word' id='word_1_41' title='bbox 640 1396 712 1463; x_wconf 86' lang='lat' dir='ltr'>eos</span> <span class='ocrx_word' id='word_1_42' title='bbox 742 1377 945 1461; x_wconf 70' lang='lat' dir='ltr'>urcundum</span> <span class='ocrx_word' id='word_1_43' title='bbox 989 1374 1220 1459; x_wconf 77' lang='lat' dir='ltr'>diretlioncs</span> <span class='ocrx_word' id='word_1_44' title='bbox 1261 1376 1455 1485; x_wconf 82' lang='lat' dir='ltr'>oppoutaa</span> <span class='ocrx_word' id='word_1_45' title='bbox 1502 1373 1794 1479; x_wconf 78' lang='lat' dir='ltr'>circumageot,</span> <span class='ocrx_word' id='word_1_46' title='bbox 1837 1395 1919 1478; x_wconf 84' lang='lat' dir='ltr'>ac,</span> 
     </span>
     <span class='ocr_line' id='line_1_8' title="bbox 640 1496 1916 1617; baseline -0.001 -30"><span class='ocrx_word' id='word_1_47' title='bbox 640 1525 753 1617; x_wconf 88' lang='lat' dir='ltr'>parte</span> <span class='ocrx_word' id='word_1_48' title='bbox 774 1504 911 1595; x_wconf 84' lang='lat' dir='ltr'>mobili</span> <span class='ocrx_word' id='word_1_49' title='bbox 933 1504 1056 1610; x_wconf 86' lang='lat' dir='ltr'>magia</span> <span class='ocrx_word' id='word_1_50' title='bbox 1088 1505 1281 1613; x_wconf 74' lang='lat' dir='ltr'>magisque</span> <span class='ocrx_word' id='word_1_51' title='bbox 1314 1498 1517 1614; x_wconf 72' lang='lat' dir='ltr'>protrusi,</span> <span class='ocrx_word' id='word_1_52' title='bbox 1545 1496 1678 1587; x_wconf 74' lang='lat' dir='ltr'>seusm</span> <span class='ocrx_word' id='word_1_53' title='bbox 1707 1497 1916 1609; x_wconf 72' lang='lat' dir='ltr'>senumque</span> 
     </span>
     <span class='ocr_line' id='line_1_9' title="bbox 643 1627 2057 1741; baseline -0.001 -24"><span class='ocrx_word' id='word_1_54' title='bbox 643 1635 835 1717; x_wconf 78' lang='lat' dir='ltr'>dictorum</span> <span class='ocrx_word' id='word_1_55' title='bbox 867 1628 1051 1714; x_wconf 78' lang='lat' dir='ltr'>frontibus</span> <span class='ocrx_word' id='word_1_56' title='bbox 1080 1627 1149 1713; x_wconf 86' lang='lat' dir='ltr'>sese</span> <span class='ocrx_word' id='word_1_57' title='bbox 1181 1632 1424 1741; x_wconf 85' lang='lat' dir='ltr'>impriment.</span> <span class='ocrx_word' id='word_1_58' title='bbox 2056 1637 2057 1654; x_wconf 57' lang='lat'>¹</span> 
     </span>
    </p>
   </div>
   <div class='ocr_carea' id='block_1_3' title="bbox 506 1786 2057 2915">
    <p class='ocr_par' dir='ltr' id='par_1_3' title="bbox 646 1769 2057 2281">
     <span class='ocr_line' id='line_1_10' title="bbox 707 1786 1922 1904; baseline -0.004 -26"><span class='ocrx_word' id='word_1_59' title='bbox 707 1803 710 1811; x_wconf 88' lang='grc'><strong><em>’</em></strong></span> <span class='ocrx_word' id='word_1_60' title='bbox 798 1792 871 1878; x_wconf 73' lang='lat' dir='ltr'>Ast</span> <span class='ocrx_word' id='word_1_61' title='bbox 902 1808 1013 1874; x_wconf 83' lang='lat' dir='ltr'>caute</span> <span class='ocrx_word' id='word_1_62' title='bbox 1041 1788 1260 1874; x_wconf 78' lang='lat' dir='ltr'>faciendum</span> <span class='ocrx_word' id='word_1_63' title='bbox 1292 1792 1348 1875; x_wconf 83' lang='lat' dir='ltr'>eu</span> <span class='ocrx_word' id='word_1_64' title='bbox 1385 1790 1461 1876; x_wconf 86' lang='lat' dir='ltr'>hoc</span> <span class='ocrx_word' id='word_1_65' title='bbox 1508 1816 1635 1904; x_wconf 83' lang='lat' dir='ltr'>opus:</span> <span class='ocrx_word' id='word_1_66' title='bbox 1685 1789 1841 1877; x_wconf 77' lang='lat' dir='ltr'><strong>cochlea</strong></span> <span class='ocrx_word' id='word_1_67' title='bbox 1888 1786 1922 1873; x_wconf 74' lang='lat' dir='ltr'><strong>F</strong></span> 
     </span>
     <span class='ocr_line' id='line_1_11' title="bbox 648 1917 1925 2028; baseline 0.001 -25"><span class='ocrx_word' id='word_1_68' title='bbox 648 1918 755 2005; x_wconf 89' lang='lat' dir='ltr'>enim</span> <span class='ocrx_word' id='word_1_69' title='bbox 787 1918 902 2027; x_wconf 78' lang='lat' dir='ltr'>paulo</span> <span class='ocrx_word' id='word_1_70' title='bbox 933 1917 1049 2001; x_wconf 82' lang='lat' dir='ltr'>nimia</span> <span class='ocrx_word' id='word_1_71' title='bbox 1082 1918 1255 2023; x_wconf 81' lang='lat' dir='ltr'>incenia,</span> <span class='ocrx_word' id='word_1_72' title='bbox 1286 1919 1411 2002; x_wconf 85' lang='lat' dir='ltr'>clauus</span> <span class='ocrx_word' id='word_1_73' title='bbox 1440 1917 1500 2001; x_wconf 85' lang='lat' dir='ltr'>seu</span> <span class='ocrx_word' id='word_1_74' title='bbox 1534 1920 1812 2028; x_wconf 87' lang='lat' dir='ltr'>cochliditypua</span> <span class='ocrx_word' id='word_1_75' title='bbox 1832 1975 1845 2010; x_wconf 80' lang='grc'><strong>.</strong></span> <span class='ocrx_word' id='word_1_76' title='bbox 1862 1935 1925 1999; x_wconf 83' lang='lat' dir='ltr'>ut·</span> 
     </span>
     <span class='ocr_line' id='line_1_12' title="bbox 646 2042 1929 2158; baseline -0.002 -31"><span class='ocrx_word' id='word_1_77' title='bbox 646 2067 741 2157; x_wconf 89' lang='lat' dir='ltr'>pore</span> <span class='ocrx_word' id='word_1_78' title='bbox 771 2046 884 2130; x_wconf 80' lang='lat' dir='ltr'>valde</span> <span class='ocrx_word' id='word_1_79' title='bbox 916 2044 1139 2152; x_wconf 79' lang='lat' dir='ltr'>induratur,</span> <span class='ocrx_word' id='word_1_80' title='bbox 1166 2043 1275 2128; x_wconf 79' lang='lat' dir='ltr'>facile</span> <span class='ocrx_word' id='word_1_81' title='bbox 1305 2046 1567 2158; x_wconf 80' lang='lat' dir='ltr'>diffringitor3</span> <span class='ocrx_word' id='word_1_82' title='bbox 1626 2050 1814 2131; x_wconf 78' lang='lat' dir='ltr'>exercitio</span> <span class='ocrx_word' id='word_1_83' title='bbox 1844 2042 1929 2125; x_wconf 90' lang='lat' dir='ltr'>solo</span> 
     </span>
     <span class='ocr_line' id='line_1_13' title="bbox 646 2168 2057 2281; baseline -0.003 -24"><span class='ocrx_word' id='word_1_84' title='bbox 646 2174 856 2281; x_wconf 89' lang='lat' dir='ltr'>acquiritur</span> <span class='ocrx_word' id='word_1_85' title='bbox 908 2168 1029 2253; x_wconf 84' lang='lat' dir='ltr'>sensus</span> <span class='ocrx_word' id='word_1_86' title='bbox 1077 2172 1267 2279; x_wconf 87' lang='lat' dir='ltr'>quidam,</span> <span class='ocrx_word' id='word_1_87' title='bbox 1316 2196 1426 2281; x_wconf 82' lang='lat' dir='ltr'>qao,</span> <span class='ocrx_word' id='word_1_88' title='bbox 1473 2198 1521 2255; x_wconf 90' lang='lat' dir='ltr'>an</span> <span class='ocrx_word' id='word_1_89' title='bbox 1569 2174 1771 2257; x_wconf 76' lang='lat' dir='ltr'>resistentia</span> <span class='ocrx_word' id='word_1_90' title='bbox 1811 2173 1930 2256; x_wconf 79' lang='lat' dir='ltr'>nimir</span> <span class='ocrx_word' id='word_1_91' title='bbox 2056 2179 2057 2220; x_wconf 78' lang='lat'><em>⁷</em></span> 
     </span>
    </p>

    <p class='ocr_par' dir='ltr' id='par_1_4' title="bbox 506 2293 1960 2660">
     <span class='ocr_line' id='line_1_14' title="bbox 506 2293 1960 2409; baseline 0.003 -34"><span class='ocrx_word' id='word_1_92' title='bbox 506 2366 511 2375; x_wconf 92' lang='lat'>.</span> <span class='ocrx_word' id='word_1_93' title='bbox 649 2323 788 2409; x_wconf 81' lang='lat' dir='ltr'>magna</span> <span class='ocrx_word' id='word_1_94' title='bbox 818 2296 895 2406; x_wconf 86' lang='lat' dir='ltr'>fit,</span> <span class='ocrx_word' id='word_1_95' title='bbox 926 2320 996 2379; x_wconf 82' lang='lat' dir='ltr'>nec</span> <span class='ocrx_word' id='word_1_96' title='bbox 1027 2320 1110 2402; x_wconf 84' lang='lat' dir='ltr'>ne,</span> <span class='ocrx_word' id='word_1_97' title='bbox 1139 2296 1362 2406; x_wconf 77' lang='lat' dir='ltr'>percipitur.</span> <span class='ocrx_word' id='word_1_98' title='bbox 1447 2293 1659 2381; x_wconf 73' lang='lat' dir='ltr'>Gothicam</span> <span class='ocrx_word' id='word_1_99' title='bbox 1692 2302 1798 2381; x_wconf 89' lang='lat' dir='ltr'>enim</span> <span class='ocrx_word' id='word_1_100' title='bbox 1831 2298 1960 2407; x_wconf 13' lang='lat' dir='ltr'>leui-⁴</span> 
     </span>
     <span class='ocr_line' id='line_1_15' title="bbox 647 2423 1934 2534; baseline -0.004 -25"><span class='ocrx_word' id='word_1_101' title='bbox 647 2444 709 2510; x_wconf 87' lang='lat' dir='ltr'>ter</span> <span class='ocrx_word' id='word_1_102' title='bbox 737 2442 886 2507; x_wconf 83' lang='lat' dir='ltr'>tantum</span> <span class='ocrx_word' id='word_1_103' title='bbox 919 2423 1117 2505; x_wconf 80' lang='lat' dir='ltr'>intendere</span> <span class='ocrx_word' id='word_1_104' title='bbox 1147 2442 1336 2531; x_wconf 83' lang='lat' dir='ltr'>oportet,</span> <span class='ocrx_word' id='word_1_105' title='bbox 1362 2441 1433 2527; x_wconf 81' lang='lat' dir='ltr'>ut,</span> <span class='ocrx_word' id='word_1_106' title='bbox 1463 2425 1572 2509; x_wconf 85' lang='lat' dir='ltr'>discis</span> <span class='ocrx_word' id='word_1_107' title='bbox 1602 2426 1728 2534; x_wconf 87' lang='lat' dir='ltr'>prima</span> <span class='ocrx_word' id='word_1_108' title='bbox 1760 2426 1845 2527; x_wconf 79' lang='lat' dir='ltr'>uice</span> <span class='ocrx_word' id='word_1_109' title='bbox 1864 2449 1934 2505; x_wconf 85' lang='lat' dir='ltr'>re·</span> 
     </span>
     <span class='ocr_line' id='line_1_16' title="bbox 648 2546 1932 2660; baseline -0.005 -24"><span class='ocrx_word' id='word_1_110' title='bbox 648 2549 815 2657; x_wconf 76' lang='lat' dir='ltr'>volutis,</span> <span class='ocrx_word' id='word_1_111' title='bbox 865 2546 936 2630; x_wconf 79' lang='lat' dir='ltr'>uix</span> <span class='ocrx_word' id='word_1_112' title='bbox 982 2546 1262 2631; x_wconf 87' lang='lat' dir='ltr'>cochlidiomm</span> <span class='ocrx_word' id='word_1_113' title='bbox 1295 2551 1470 2634; x_wconf 75' lang='lat' dir='ltr'>tramites</span> <span class='ocrx_word' id='word_1_114' title='bbox 1519 2550 1595 2633; x_wconf 79' lang='lat' dir='ltr'>lint</span> <span class='ocrx_word' id='word_1_115' title='bbox 1631 2548 1932 2660; x_wconf 81' lang='lat' dir='ltr'>conspiciendi;</span> 
     </span>
    </p>

    <p class='ocr_par' dir='ltr' id='par_1_5' title="bbox 599 2669 1929 2915">
     <span class='ocr_line' id='line_1_17' title="bbox 599 2669 1929 2791; baseline -0.002 -27"><span class='ocrx_word' id='word_1_116' title='bbox 599 2762 605 2771; x_wconf 82' lang='grc'><strong>,</strong></span> <span class='ocrx_word' id='word_1_117' title='bbox 650 2678 781 2791; x_wconf 83' lang='lat' dir='ltr'>polica</span> <span class='ocrx_word' id='word_1_118' title='bbox 813 2669 951 2760; x_wconf 79' lang='lat' dir='ltr'>ardiius</span> <span class='ocrx_word' id='word_1_119' title='bbox 983 2672 1119 2757; x_wconf 77' lang='lat' dir='ltr'>sensnm</span> <span class='ocrx_word' id='word_1_120' title='bbox 1151 2674 1304 2782; x_wconf 83' lang='lat' dir='ltr'>cogitur</span> <span class='ocrx_word' id='word_1_121' title='bbox 1333 2670 1532 2784; x_wconf 87' lang='lat' dir='ltr'>cochlea,</span> <span class='ocrx_word' id='word_1_122' title='bbox 1559 2675 1684 2759; x_wconf 90' lang='lat' dir='ltr'>donec</span> <span class='ocrx_word' id='word_1_123' title='bbox 1718 2674 1802 2785; x_wconf 83' lang='lat' dir='ltr'>poll</span> <span class='ocrx_word' id='word_1_124' title='bbox 1845 2675 1929 2787; x_wconf 83' lang='lat' dir='ltr'>plo·</span> 
     </span>
     <span class='ocr_line' id='line_1_18' title="bbox 649 2796 1876 2915; baseline -0.005 -22"><span class='ocrx_word' id='word_1_125' title='bbox 649 2810 710 2893; x_wconf 81' lang='lat' dir='ltr'>rec</span> <span class='ocrx_word' id='word_1_126' title='bbox 740 2801 999 2891; x_wconf 85' lang='lat' dir='ltr'>reuolutioner</span> <span class='ocrx_word' id='word_1_127' title='bbox 1033 2822 1171 2888; x_wconf 86' lang='lat' dir='ltr'>crenae</span> <span class='ocrx_word' id='word_1_128' title='bbox 1202 2800 1288 2885; x_wconf 78' lang='lat' dir='ltr'>latia</span> <span class='ocrx_word' id='word_1_129' title='bbox 1317 2796 1507 2913; x_wconf 83' lang='lat' dir='ltr'>profunde</span> <span class='ocrx_word' id='word_1_130' title='bbox 1539 2800 1625 2902; x_wconf 72' lang='lat' dir='ltr'>sant,</span> <span class='ocrx_word' id='word_1_131' title='bbox 1653 2799 1876 2915; x_wconf 79' lang='lat' dir='ltr'>impreffae.</span> 
     </span>
    </p>
   </div>
   <div class='ocr_carea' id='block_1_4' title="bbox 652 2984 2054 3738">
    <p class='ocr_par' dir='ltr' id='par_1_6' title="bbox 652 2984 2055 3738">
     <span class='ocr_line' id='line_1_19' title="bbox 802 2984 1929 3097; baseline 0.008 -27"><span class='ocrx_word' id='word_1_132' title='bbox 802 2984 1048 3071; x_wconf 82' lang='lat' dir='ltr'>Adhibentur</span> <span class='ocrx_word' id='word_1_133' title='bbox 1074 3002 1205 3069; x_wconf 88' lang='lat' dir='ltr'>aurern</span> <span class='ocrx_word' id='word_1_134' title='bbox 1239 3008 1317 3069; x_wconf 92' lang='lat' dir='ltr'>non</span> <span class='ocrx_word' id='word_1_135' title='bbox 1345 3012 1432 3072; x_wconf 85' lang='lat' dir='ltr'>earn</span> <span class='ocrx_word' id='word_1_136' title='bbox 1464 2986 1694 3097; x_wconf 83' lang='lat' dir='ltr'>potifflmrnn</span> <span class='ocrx_word' id='word_1_137' title='bbox 1734 2993 1789 3078; x_wconf 88' lang='lat' dir='ltr'>oh</span> <span class='ocrx_word' id='word_1_138' title='bbox 1839 3012 1929 3079; x_wconf 85' lang='lat' dir='ltr'>cau·</span> 
     </span>
     <span class='ocr_line' id='line_1_20' title="bbox 652 3109 1923 3231; baseline 0.002 -29"><span class='ocrx_word' id='word_1_139' title='bbox 652 3114 733 3203; x_wconf 86' lang='lat' dir='ltr'>sam</span> <span class='ocrx_word' id='word_1_140' title='bbox 762 3111 842 3198; x_wconf 91' lang='lat' dir='ltr'>duo</span> <span class='ocrx_word' id='word_1_141' title='bbox 870 3109 994 3217; x_wconf 86' lang='lat' dir='ltr'>disci,</span> <span class='ocrx_word' id='word_1_142' title='bbox 1027 3130 1073 3193; x_wconf 81' lang='lat' dir='ltr'>rt</span> <span class='ocrx_word' id='word_1_143' title='bbox 1100 3132 1255 3222; x_wconf 81' lang='lat' dir='ltr'>vterque</span> <span class='ocrx_word' id='word_1_144' title='bbox 1285 3110 1393 3198; x_wconf 78' lang='lat' dir='ltr'>simul</span> <span class='ocrx_word' id='word_1_145' title='bbox 1410 3114 1679 3231; x_wconf 78' lang='lat' dir='ltr'>exscindetur;</span> <span class='ocrx_word' id='word_1_146' title='bbox 1710 3121 1769 3205; x_wconf 89' lang='lat' dir='ltr'>sed</span> <span class='ocrx_word' id='word_1_147' title='bbox 1785 3122 1923 3231; x_wconf 74' lang='lat' dir='ltr'>potins,</span> 
     </span>
     <span class='ocr_line' id='line_1_21' title="bbox 653 3238 1927 3358; baseline 0.002 -30"><span class='ocrx_word' id='word_1_148' title='bbox 653 3262 701 3329; x_wconf 83' lang='lat' dir='ltr'>ut</span> <span class='ocrx_word' id='word_1_149' title='bbox 733 3238 1007 3347; x_wconf 80' lang='lat' dir='ltr'>cochliditypun</span> <span class='ocrx_word' id='word_1_150' title='bbox 1038 3260 1093 3319; x_wconf 90' lang='lat' dir='ltr'>ex</span> <span class='ocrx_word' id='word_1_151' title='bbox 1125 3260 1282 3350; x_wconf 82' lang='lat' dir='ltr'>utraque</span> <span class='ocrx_word' id='word_1_152' title='bbox 1312 3263 1421 3352; x_wconf 88' lang='lat' dir='ltr'>parre</span> <span class='ocrx_word' id='word_1_153' title='bbox 1451 3244 1519 3329; x_wconf 88' lang='lat' dir='ltr'>srbi</span> <span class='ocrx_word' id='word_1_154' title='bbox 1551 3245 1718 3333; x_wconf 88' lang='lat' dir='ltr'>inuicem</span> <span class='ocrx_word' id='word_1_155' title='bbox 1750 3248 1927 3358; x_wconf 78' lang='lat' dir='ltr'>oppofita</span> 
     </span>
     <span class='ocr_line' id='line_1_22' title="bbox 655 3366 1929 3485; baseline 0.002 -28"><span class='ocrx_word' id='word_1_156' title='bbox 655 3366 851 3479; x_wconf 82' lang='lat' dir='ltr'>aequalem</span> <span class='ocrx_word' id='word_1_157' title='bbox 885 3366 1050 3473; x_wconf 86' lang='lat' dir='ltr'>patiatur</span> <span class='ocrx_word' id='word_1_158' title='bbox 1080 3366 1348 3476; x_wconf 85' lang='lat' dir='ltr'>refisteotiam,</span> <span class='ocrx_word' id='word_1_159' title='bbox 1377 3394 1449 3455; x_wconf 90' lang='lat' dir='ltr'>nec</span> <span class='ocrx_word' id='word_1_160' title='bbox 1489 3370 1709 3483; x_wconf 77' lang='lat' dir='ltr'>frangatur:</span> <span class='ocrx_word' id='word_1_161' title='bbox 1750 3374 1793 3459; x_wconf 90' lang='lat' dir='ltr'>id</span> <span class='ocrx_word' id='word_1_162' title='bbox 1833 3374 1929 3485; x_wconf 86' lang='lat' dir='ltr'>qnod</span> 
     </span>
     <span class='ocr_line' id='line_1_23' title="bbox 654 3491 2054 3616; baseline 0 -32"><span class='ocrx_word' id='word_1_163' title='bbox 654 3496 778 3599; x_wconf 83' lang='lat' dir='ltr'>alias,</span> <span class='ocrx_word' id='word_1_164' title='bbox 829 3492 883 3575; x_wconf 91' lang='lat' dir='ltr'>ob</span> <span class='ocrx_word' id='word_1_165' title='bbox 932 3491 1030 3575; x_wconf 85' lang='lat' dir='ltr'>illius</span> <span class='ocrx_word' id='word_1_166' title='bbox 1061 3492 1101 3575; x_wconf 89' lang='lat' dir='ltr'>in</span> <span class='ocrx_word' id='word_1_167' title='bbox 1131 3493 1332 3600; x_wconf 86' lang='lat' dir='ltr'>chalybem</span> <span class='ocrx_word' id='word_1_168' title='bbox 1353 3496 1592 3603; x_wconf 66' lang='lat' dir='ltr'>efflorere,</span> <span class='ocrx_word' id='word_1_169' title='bbox 1625 3499 1732 3588; x_wconf 81' lang='lat' dir='ltr'>facile</span> <span class='ocrx_word' id='word_1_170' title='bbox 1760 3504 1931 3588; x_wconf 84' lang='lat' dir='ltr'>accidere</span> <span class='ocrx_word' id='word_1_171' title='bbox 2053 3541 2054 3616; x_wconf 53' lang='lat' dir='ltr'>p</span> 
     </span>
     <span class='ocr_line' id='line_1_24' title="bbox 655 3618 2054 3738; baseline -0.001 -32"><span class='ocrx_word' id='word_1_172' title='bbox 655 3622 781 3738; x_wconf 81' lang='lat' dir='ltr'>pollet</span> <span class='ocrx_word' id='word_1_173' title='bbox 855 3618 999 3733; x_wconf 74' lang='lat' dir='ltr'>Quodsi</span> <span class='ocrx_word' id='word_1_174' title='bbox 1032 3642 1130 3703; x_wconf 83' lang='lat' dir='ltr'>vero</span> <span class='ocrx_word' id='word_1_175' title='bbox 1161 3621 1441 3735; x_wconf 86' lang='lat' dir='ltr'>cochlidirypua</span> <span class='ocrx_word' id='word_1_176' title='bbox 1470 3626 1678 3713; x_wconf 86' lang='lat' dir='ltr'>admodum</span> <span class='ocrx_word' id='word_1_177' title='bbox 1710 3624 1850 3715; x_wconf 81' lang='lat' dir='ltr'>craffus</span> <span class='ocrx_word' id='word_1_178' title='bbox 1871 3630 1927 3737; x_wconf 81' lang='lat' dir='ltr'>stt,</span> <span class='ocrx_word' id='word_1_179' title='bbox 2053 3623 2054 3704; x_wconf 83' lang='lat' dir='ltr'>l</span> 
     </span>
    </p>
   </div>
   <div class='ocr_carea' id='block_1_5' title="bbox 657 3745 1928 3996">
    <p class='ocr_par' dir='ltr' id='par_1_7' title="bbox 657 3745 1928 3996">
     <span class='ocr_line' id='line_1_25' title="bbox 657 3745 1928 3961; baseline 0.006 -127"><span class='ocrx_word' id='word_1_180' title='bbox 657 3754 735 3841; x_wconf 80' lang='lat' dir='ltr'>fine</span> <span class='ocrx_word' id='word_1_181' title='bbox 757 3745 965 3961; x_wconf 67' lang='lat' dir='ltr'>stfrasturue</span> <span class='ocrx_word' id='word_1_182' title='bbox 1012 3748 1183 3853; x_wconf 84' lang='lat' dir='ltr'>periculo</span> <span class='ocrx_word' id='word_1_183' title='bbox 1231 3752 1364 3837; x_wconf 79' lang='lat' dir='ltr'>vnicn</span> <span class='ocrx_word' id='word_1_184' title='bbox 1410 3753 1531 3839; x_wconf 82' lang='lat' dir='ltr'>etiam</span> <span class='ocrx_word' id='word_1_185' title='bbox 1587 3754 1706 3843; x_wconf 61' lang='grc' dir='ltr'>ἀξίως</span> <span class='ocrx_word' id='word_1_186' title='bbox 1759 3754 1928 3844; x_wconf 77' lang='lat' dir='ltr'>exscindi</span> 
     </span>
     <span class='ocr_line' id='line_1_26' title="bbox 661 3898 803 3996; baseline -0.014 -35"><span class='ocrx_word' id='word_1_187' title='bbox 661 3898 756 3996; x_wconf 87' lang='lat' dir='ltr'>pote</span> <span class='ocrx_word' id='word_1_188' title='bbox 792 3936 803 3959; x_wconf 88' lang='lat'><strong>.</strong></span> 
     </span>
    </p>
   </div>
   <div class='ocr_carea' id='block_1_6' title="bbox 660 4039 2052 4659">
    <p class='ocr_par' dir='ltr' id='par_1_8' title="bbox 660 4039 2052 4659">
     <span class='ocr_line' id='line_1_27' title="bbox 812 4039 1926 4144; baseline 0.016 -19"><span class='ocrx_word' id='word_1_189' title='bbox 812 4039 981 4143; x_wconf 82' lang='lat' dir='ltr'>Altera,</span> <span class='ocrx_word' id='word_1_190' title='bbox 1018 4040 1187 4130; x_wconf 84' lang='lat' dir='ltr'>cochleis</span> <span class='ocrx_word' id='word_1_191' title='bbox 1218 4041 1373 4135; x_wconf 80' lang='lat' dir='ltr'>infinitis</span> <span class='ocrx_word' id='word_1_192' title='bbox 1425 4052 1683 4143; x_wconf 84' lang='lat' dir='ltr'>exscindendis</span> <span class='ocrx_word' id='word_1_193' title='bbox 1729 4054 1926 4144; x_wconf 74' lang='lat' dir='ltr'>insemienl</span> 
     </span>
     <span class='ocr_line' id='line_1_28' title="bbox 660 4165 2052 4295; baseline 0.006 -38"><span class='ocrx_word' id='word_1_194' title='bbox 660 4165 877 4273; x_wconf 87' lang='lat' dir='ltr'>machina,</span> <span class='ocrx_word' id='word_1_195' title='bbox 906 4168 1055 4254; x_wconf 88' lang='lat' dir='ltr'>ratione</span> <span class='ocrx_word' id='word_1_196' title='bbox 1087 4172 1287 4261; x_wconf 72' lang='lat' dir='ltr'>liutdurae</span> <span class='ocrx_word' id='word_1_197' title='bbox 1319 4202 1340 4263; x_wconf 85' lang='lat' dir='ltr'>r</span> <span class='ocrx_word' id='word_1_198' title='bbox 1372 4179 1507 4287; x_wconf 82' lang='lat' dir='ltr'>priori&#39;</span> <span class='ocrx_word' id='word_1_199' title='bbox 1535 4183 1808 4295; x_wconf 84' lang='lat' dir='ltr'>aliquantulum</span> <span class='ocrx_word' id='word_1_200' title='bbox 1855 4183 1923 4268; x_wconf 80' lang='lat' dir='ltr'>dir.</span> <span class='ocrx_word' id='word_1_201' title='bbox 2051 4201 2052 4242; x_wconf 69' lang='lat' dir='ltr'>l</span> 
     </span>
     <span class='ocr_line' id='line_1_29' title="bbox 661 4297 1922 4413; baseline 0.006 -32"><span class='ocrx_word' id='word_1_202' title='bbox 661 4298 763 4382; x_wconf 85' lang='lat' dir='ltr'>sert:</span> <span class='ocrx_word' id='word_1_203' title='bbox 803 4297 975 4408; x_wconf 79' lang='lat' dir='ltr'>partim,</span> <span class='ocrx_word' id='word_1_204' title='bbox 1026 4300 1128 4411; x_wconf 87' lang='lat' dir='ltr'>quod</span> <span class='ocrx_word' id='word_1_205' title='bbox 1158 4324 1278 4413; x_wconf 89' lang='lat' dir='ltr'>opera</span> <span class='ocrx_word' id='word_1_206' title='bbox 1307 4304 1474 4393; x_wconf 87' lang='lat' dir='ltr'>diuersae</span> <span class='ocrx_word' id='word_1_207' title='bbox 1505 4308 1618 4395; x_wconf 84' lang='lat' dir='ltr'>ualde</span> <span class='ocrx_word' id='word_1_208' title='bbox 1646 4314 1825 4400; x_wconf 84' lang='lat' dir='ltr'>diametri</span> <span class='ocrx_word' id='word_1_209' title='bbox 1853 4309 1922 4393; x_wconf 85' lang='lat' dir='ltr'>hac</span> 
     </span>
     <span class='ocr_line' id='line_1_30' title="bbox 661 4420 1923 4551; baseline 0.002 -30"><span class='ocrx_word' id='word_1_210' title='bbox 661 4420 854 4521; x_wconf 80' lang='lat' dir='ltr'>nedme</span> <span class='ocrx_word' id='word_1_211' title='bbox 881 4428 1179 4549; x_wconf 73' lang='lat' dir='ltr'>excuduntn3</span> <span class='ocrx_word' id='word_1_212' title='bbox 1209 4434 1378 4551; x_wconf 71' lang='lat' dir='ltr'>panim</span> <span class='ocrx_word' id='word_1_213' title='bbox 1408 4435 1593 4551; x_wconf 72' lang='lat' dir='ltr'>moulan</span> <span class='ocrx_word' id='word_1_214' title='bbox 1620 4436 1747 4529; x_wconf 79' lang='lat' dir='ltr'>claun</span> <span class='ocrx_word' id='word_1_215' title='bbox 1779 4456 1923 4529; x_wconf 82' lang='lat' dir='ltr'>tautum</span> 
     </span>
     <span class='ocr_line' id='line_1_31' title="bbox 676 4564 2051 4659; baseline 0.007 -21"><span class='ocrx_word' id='word_1_216' title='bbox 676 4604 720 4639; x_wconf 63' lang='grc' dir='ltr'>ιη</span> <span class='ocrx_word' id='word_1_217' title='bbox 1809 4564 1926 4659; x_wconf 83' lang='lat' dir='ltr'>modo</span> <span class='ocrx_word' id='word_1_218' title='bbox 2050 4571 2051 4598; x_wconf 80' lang='lat'>³</span> 
     </span>
    </p>
   </div>
   <div class='ocr_carea' id='block_1_7' title="bbox 0 0 2128 5642">
    <p class='ocr_par' dir='ltr' id='par_1_9' title="bbox 0 0 2128 5642">
     <span class='ocr_line' id='line_1_32' title="bbox 0 0 2128 5642; baseline 0 0"><span class='ocrx_word' id='word_1_219' title='bbox 0 0 2128 5642; x_wconf 95' lang='lat' dir='ltr'> </span> 
     </span>
    </p>
   </div>
  </div>
 </body>
</html>
