4175 5642
490 543 587 634 tu
649 536 1071 632 rnrrors.
1317 560 1403 652 ιις

37 804 43 863 ι
148 767 335 858 stituimnr
373 767 414 858 in
443 767 546 858 bunc
575 767 695 854 linem
728 767 801 853 bre
832 765 1040 874 methodo,
1068 790 1107 852 et
1134 769 1293 856 eundem
1311 773 1411 858 sem-

37 956 41 976 ·
145 924 218 1014 per
246 917 427 984 euentum
460 897 749 984 obseruauimue.

296 1026 342 1112 lo
372 1025 487 1110 ultera
520 1021 747 1131 methodo,
796 1048 869 1135 qua
902 1021 1228 1112 thetmometrum
1261 1049 1414 1114 mercu-

36 1243 39 1260 ,
141 1152 240 1240 title
269 1152 457 1239 mercurio
488 1154 527 1238 in
560 1153 646 1237 tale
677 1175 799 1237 teneo
830 1151 877 1235 ad
917 1150 1176 1236 ebullitionem
1228 1155 1411 1261 perdudio

138 1279 428 1385 immerlimut,
474 1278 703 1366 differentia·
733 1277 917 1392 quaedam
968 1278 1066 1363 mihi
1117 1280 1171 1364 est
1204 1280 1409 1370 obseruata.

139 1402 297 1494 Scilicet
328 1405 608 1518 hydrargyrum
639 1409 718 1493 itm
754 1407 887 1494 bullire
916 1405 957 1489 in
972 1405 1073 1490 urse
1103 1408 1258 1518 coepit,
1290 1435 1411 1522 quum

135 1532 459 1621 thermotnetrum
492 1535 717 1622 immersum
750 1554 897 1632 notaret
928 1535 1103 1642 gradum.
1124 1557 1210 1638 395
1247 1557 1286 1619 et
1306 1563 1410 1644 400.

135 1657 218 1750 Sed
251 1663 291 1748 in
320 1664 540 1751 continuata
571 1665 792 1750 ebullitione
825 1663 865 1746 in
897 1661 1012 1762 mse,
1043 1661 1173 1771 paullo
1205 1659 1288 1775 post
1307 1691 1413 1752 met.-

134 1790 262 1875 cutius
291 1789 329 1872 in
362 1790 647 1881 thermometto
680 1817 832 1904 qunque
858 1787 1016 1892 ‚ebullire
1044 1791 1209 1902 coepit,
1243 1789 1307 1876 sub
1323 1819 1411 1904 gre·
1544 1868 1548 1878 .

132 1916 184 2000 dn
220 1941 341 2022 414,
371 1943 464 2020 420
500 1940 538 2003 et
575 1945 684 2026 424·
776 1919 875 2006 Non
922 1916 1036 2028 igitur
1086 1918 1232 2025 priores
1277 1922 1409 2030 gindus

135 2062 224 2146 395
263 2064 304 2127 et
333 2067 425 2159 400
479 2071 552 2156 pto
608 2048 719 2133 initio
770 2046 902 2159 plenae
948 2043 1184 2129 ebullitionis
1232 2047 1408 2132 mercurii

128 2167 268 2256 heberi
302 2173 489 2282 possunt,
520 2175 582 2260 sed
614 2175 873 2319 posteriores,
910 2171 1094 2279 quoniam
1125 2188 1214 2252 tunc
1246 2171 1405 2256 demum

128 2299 298 2410 aequalis
325 2300 428 2384 calor
461 2304 636 2402 mercurii
668 2296 903 2382 bullientis
891 2321 932 2376 ιιι
965 2293 1090 2404 urse,
1142 2313 1182 2376 et
1213 2294 1253 2377 in
1300 2295 1408 2384 thet·

128 2445 335 2510 mometro
367 2427 550 2513 immerso
580 2426 754 2511 exsistere
788 2422 936 2535 coepit.
1011 2416 1118 2508 Nam
1151 2446 1269 2530 quum
1304 2403 1404 2546 thet

125 2571 374 2635 momerium
407 2553 625 2638 mercurirle
658 2574 782 2638 vnum
816 2549 997 2661 pollicem
1029 2548 1180 2634 circiter
1198 2546 1303 2662 supra
1322 2547 1406 2637 bul

123 2674 228 2761 bum
263 2698 414 2762 tuntum
446 2676 668 2768 immersum
687 2677 806 2787 eliet3
838 2675 947 2778 facile
947 2675 1204 2788 intelligitur,
1235 2675 1406 2766 colorent

121 2828 297 2888 omnem
332 2809 503 2892 mercurii
533 2811 571 2895 in
604 2808 693 2902 mse
716 2805 900 2909 bullientis
926 2807 1114 2912 continuo
1144 2828 1233 2892 cum
1253 2829 1406 2896 meren·

119 2931 190 3013 rio
222 2936 502 3018 communicari
530 2959 608 3021 non
628 2925 816 3044 potuili'e.
882 2926 981 3022 saris
1011 2931 1127 3046 igitur
1158 2915 1405 3047 expetirneu'·

120 3073 165 3140 ιιι
200 3076 368 3166 utreque
400 3061 589 3150 methodo
620 3061 782 3146 instituta
810 3061 1061 3146 concordant.
1127 3043 1331 3178 Caeterum
1360 3063 1404 3148 ιι

121 3185 363 3298 repetitione
396 3185 535 3273 horum
564 3190 929 3301 experimentorum
959 3189 1093 3276 omnia
1124 3189 1172 3275 td
1218 3188 1400 3302 pontium
1439 3245 1443 3258 -

121 3311 344 3398 consentite
374 3337 457 3400 non
490 3313 629 3425 polle
677 3317 784 3400 facile
825 3319 1044 3417 concedet,
1093 3315 1158 3426 qui
1197 3318 1404 3404 confideret

120 3439 378 3526 differentiam
415 3444 587 3528 nierturii
619 3444 830 3549 bonitatis,
873 3441 1054 3550 ponderis
1083 3439 1403 3566 ttmosplrnerue,

120 3565 279 3653 sorfittu
308 3593 462 3678 quoque
494 3572 586 3656 vitri
625 3571 1026 3672 thermometrorum,
1063 3567 1292 3678 aliarumque
1324 3569 1405 3672 cir·

117 3695 473 3791 commodarum,
520 3701 672 3810 qutndo
718 3715 985 3807 experimenta
1031 3696 1244 3808 capiuntur.
1316 3675 1406 3780 Not

119 3824 356 3940 merentium
390 3847 529 3935 putum
561 3826 833 3930 adhibuimus,
886 3847 967 3907 non
1006 3825 1164 3937 quidem
1196 3813 1405 3912 reuiuifict·

117 3966 248 4055 tum,
288 3953 352 4058 qni
382 3975 456 4062 pro
489 3952 685 4062 purissimo
716 3950 845 4053 haberi
894 3949 1041 4060 solet,·
1076 3949 1138 4034 sed
1168 3950 1220 4034 itt
1269 3966 1405 4036 tameo

117 4095 360 4187 purgatum,
392 4099 439 4163 ιι
470 4081 697 4190 impuritatis
729 4080 855 4164 omnis
887 4096 978 4162 nott
1007 4078 1154 4163 abesset.
1231 4061 1238 4072 ’

280 4201 560 4314 Experimento
594 4208 672 4320 ipsa
704 4205 968 4318 instituimur,
1016 4203 1252 4330 monstrante
1289 4201 1403 4292 bato-

120 4348 260 4418 metro
304 4343 359 4419 ιι
413 4333 577 4446 pollicet
624 4336 735 4422 Prril.
786 4352 850 4418 aut
879 4356 992 4442 quam
1026 4332 1224 4441 proxime.
1290 4330 1401 4419 Num
1560 4391 1571 4418 ,

113 4457 278 4591 Pondus
329 4459 615 4578 atmospltaette
659 4462 702 4548 in
752 4460 922 4543 colorem
970 4460 1149 4552 mercurii
1210 4458 1402 4566 bullientir

305 4614 313 4634 ,
737 4578 866 4688 Zzn
1283 4605 1400 4696 teque
