4175 5642
318 547 399 635 DE
436 541 811 641 aestatuum
845 544 1213 649 FLVIDORVM.
1335 579 1421 648 nor

193 792 250 807 ·”
284 764 408 860 'Vll
444 776 527 860 Etsi
561 799 687 858 aurem
718 774 992 862 determinatio
1021 782 1211 891 prcffionia
1242 784 1282 869 in
1313 786 1430 897 genui

158 936 230 1015 re,
283 908 358 994 hoc
390 904 441 985 eil
476 904 511 984 in
540 902 718 985 omnibus
752 907 906 1013 puneiis
937 907 1080 1015 fluidi,
1126 929 1255 996 tama
1302 916 1425 1001 traetu

158 1038 388 1147 singulorum
422 1030 660 1133 cinniorum,
706 1058 825 1142 quam
859 1036 907 1117 ab
934 1060 1056 1147 aquae
1088 1040 1274 1123 celeritate
1328 1066 1426 1154 pcn·

88 1214 92 1227 ·
155 1168 249 1259 det,
283 1182 416 1249 tamen
452 1159 610 1263 ionem,
642 1158 671 1241 fi
704 1162 874 1267 quaestio
897 1164 951 1245 ad
984 1166 1142 1248 unicum
1173 1166 1333 1253 riuulum
1367 1192 1426 1256 te·
1475 1176 1484 1187 ’

155 1294 380 1401 stringatur,
430 1306 514 1367 tum
564 1284 792 1395 preffionem
841 1288 884 1372 in
931 1291 1081 1401 fingulis
1122 1294 1202 1377 eius
1233 1295 1324 1379 locis
1356 1322 1452 1405 pet.

153 1419 273 1514 solnm
292 1417 540 1502 ‚celeritatem
572 1414 737 1502 definiri.
820 1412 948 1533 'Quare
977 1438 1075 1507 cum·
1104 1444 1249 1531 corpus
1280 1422 1426 1509 ΑΜΕ
1508 1460 1512 1465 ’

152 1549 198 1633 ab
236 1548 355 1631 vnico
384 1540 575 1655 riuulof,
599 1540 641 1656 s,
663 1542 701 1655 s
725 1548 986 1655 contingatur,
1018 1549 1225 1659 omnisque
1255 1548 1450 1645 refillenr

149 1680 203 1759 tia
241 1676 289 1761 ab
318 1675 397 1759 eius
426 1664 667 1779 preffimibus
698 1669 782 1755 solis
805 1676 983 1782 oriatur,
1036 1674 1065 1759 fi
1095 1676 1223 1761 modo
1262 1674 1428 1787 preffio-

150 1829 246 1887 nem
282 1804 390 1887 huius
422 1794 526 1879 riuuli
558 1797 598 1879 in
631 1797 776 1907 singulis
805 1800 886 1883 eius
917 1800 1069 1907 ponciis
1094 1800 1429 1910 cognosceremus,

148 1932 242 2013 inde
275 1930 383 2013 facile
414 1916 696 2026 resistentiam,
727 1951 839 2035 quam
870 1950 1008 2047 corpus
1036 1952 1061 2009 a
1091 1926 1215 2011 'fluuio
1244 1926 1423 2040 sustinet,

147 2056 317 2143 definire
359 2056 560 2167 poliemus.
659 2053 830 2138 Tametsi
860 2074 992 2139 autem
1025 2054 1094 2138 ista
1123 2054 1327 2141 celeritatis
1354 2080 1426 2141 co
1525 2062 1538 2077 ‘

148 2188 278 2297 gnitio
309 2208 377 2294 per
410 2181 574 2263 riuulum
603 2182 766 2289 corpori
798 2183 1028 2290 proximum
1081 2206 1162 2266 non
1213 2180 1427 2269 minoribus

149 2310 436 2396 difficultatibus
467 2306 511 2389 fit
544 2304 742 2413 subiecta,¹
780 2334 897 2417 quam
930 2308 1201 2395 determinatio
1231 2309 1428 2421 preffionis

150 2443 364 2547 generatim
397 2436 664 2543 confiderata,
711 2456 839 2517 tamen
873 2436 947 2519 hoc
977 2440 1069 2519 inde
1100 2437 1197 2519 lucri
1246 2436 1427 2522 nancisci-

150 2594 242 2651 mur
263 2614 287 2671 ,·
307 2584 352 2647 ut
381 2562 412 2643 st
444 2560 555 2640 nobis
588 2560 733 2643 licuerit
749 2620 765 2665 ,
781 2558 857 2641 siue
892 2584 960 2667 pet
991 2563 1314 2670 experientiam,
1348 2560 1453 2666 siue,

47 2724 48 2727 ¹
148 2695 417 2797 undecunque,
433 2684 669 2767 celeritatem
696 2683 808 2765 fluidi
838 2684 946 2766 iuxta
973 2710 1117 2794 corpus
1145 2684 1429 2796 praeterlaben-

150 2820 208 2899 ris
238 2818 477 2925 cognoscere,
495 2810 573 2895 hoc
605 2810 722 2893 solum
756 2806 869 2891 nobis
899 2810 983 2909 latia
1010 2807 1053 2897 iit
1083 2816 1247 2896 futurum
1277 2816 1328 2901 ad
1355 2840 1429 2903 te-

146 2966 238 3025 ram
272 2940 514 3025 rebilentiam
546 2937 719 3043 corporis
753 2958 928 3017 acctnatc
962 2940 1307 3024 determinandam.

299 3064 418 3149 vill.
447 3058 486 3145 Si
519 3062 623 3143 enim
676 3082 866 3168 ponamus
895 3062 1174 3171 celeritatem,
1203 3087 1283 3177 qua,
1327 3094 1424 3181 aqna

150 3196 252 3281 circa
281 3196 521 3279 elementum
561 3188 739 3295 corporis
788 3182 834 3270 Μ
888 3192 1200 3299 praeterlabitur,
1250 3194 1424 3298 debitam

150 3320 228 3407 effe
264 3317 448 3405 altitudini
482 3340 532 3419 u,
566 3334 676 3423 atque
704 3313 964 3421 ailumamus,
1011 3338 1060 3401 tt
1093 3320 1211 3425 uulgo
1244 3320 1328 3403 fieri
1360 3322 1446 3429 so·¹

151 3452 236 3558 let,
270 3473 404 3533 omnes
437 3442 578 3527 riuulos
608 3444 648 3523 in
678 3439 793 3548 plano
823 3440 1058 3525 horizontali
1089 3442 1244 3551 versari,
1275 3469 1329 3528 ex
1362 3448 1425 3553 iis,
1566 3475 1572 3488 ¹

150 3602 248 3690 quae
276 3570 532 3659 demonstrarii
565 3570 614 3651 de
646 3586 757 3649 motu
790 3566 992 3652 fluidorum
1026 3570 1065 3653 in
1097 3594 1268 3679 genere,
1314 3572 1427 3656 colii.

151 3710 285 3817 gitur,
320 3701 544 3813 preffronem
578 3720 694 3805 aquae
727 3694 765 3777 in
800 3696 945 3803 pontio
980 3692 1026 3781 M
1061 3690 1232 3806 exprimi
1256 3726 1334 3809 per
1366 3697 1440 3787 ali

151 3833 357 3919 titudinem
388 3828 511 3928 l-u,
546 3828 596 3906 ita
629 3842 670 3905 vt
703 3824 890 3931 quantitas
921 3822 945 3910 k
971 3849 1052 3939 pro
1080 3844 1170 3909 toto
1187 3826 1433 3943 riuulofis,

139 3956 250 4077 fif,
281 3962 439 4043 eundem
471 3953 643 4037 obtineat
682 3950 890 4057 valorem,
938 3945 1101 4063 ideoque
1150 3954 1192 4037 in
1241 3956 1443 4074 praesenti]

151 4092 314 4199 negotio
345 4111 417 4197 pto
444 4079 632 4164 constanti
664 4078 795 4161 haberi
828 4101 971 4188 queat,
1022 4082 1166 4167 etiamfi
1200 4106 1272 4193 pro
1300 4084 1425 4167 diuet·

152 4220 197 4301 lia
232 4218 361 4298 rinulis
391 4204 553 4295 dinerio's
582 4209 752 4288 sortiatur
783 4204 943 4289 naiores.
1010 4207 1123 4290 Hanc
1148 4228 1279 4294 autem
1319 4236 1425 4321 pres·

56 4328 60 4345 ’
154 4346 305 4448 fiunem
332 4342 440 4425 lr-u
474 4340 526 4420 ita
558 4334 795 4441 interpretari
823 4352 1012 4445 oportet,
1060 4356 1104 4417 ut
1135 4362 1272 4445 corpor
1305 4338 1348 4419 itt
1376 4338 1425 4427 M
1526 4322 1559 4420 ,’

155 4491 178 4556 a
213 4474 383 4581 pondere
415 4467 621 4567 columnae
653 4483 822 4573 aqueae,
856 4462 958 4545 cuitu
988 4460 1230 4551 altitudofit
1265 4464 1445 4563 :t-o„

220 4598 347 4685 Tum.
361 4584 771 4685 antummum.
991 4584 1027 4675 C
1047 4616 1070 4677 c
1319 4590 1426 4675 solli·
1449 4586 1453 4592 ’
