4175 5642
630 515 726 634 qm
883 512 1351 616 mauronto
1400 496 1707 620 αισι

666 801 669 814 ·
781 752 1117 860 llyetometrum,
1167 749 1331 863 Belgicis
1358 751 1676 840 obseruationibus
1706 749 1908 876 idoneum}

634 884 805 993 sequenti
836 884 890 962 etl
916 881 1074 986 iorfflrt
1109 880 1175 968 Ex
1199 907 1291 967 aere
1321 880 1428 965 fitluo
1455 882 1528 968 fiat
1560 894 1628 966 uas
1656 885 1905 996 quadratum,

636 1014 743 1094 cuiue
775 1005 967 1117 quodlibet
996 1008 1093 1092 laam
1126 1011 1171 1094 lit
1204 1013 1314 1094 tulus
1342 1011 1448 1120 pedis
1500 1007 1808 1124 Rhenolandici3
1856 1013 1907 1098 srt

635 1135 770 1220 fmdus
818 1137 976 1218 decliuis
1025 1155 1204 1248 tanquam
1242 1136 1514 1242 infundibuli,
1562 1136 1682 1221 latera
1715 1143 1908 1249 quadrata

634 1264 709 1350 fint
736 1261 831 1345 nilo
863 1261 1019 1370 pollices
1048 1263 1154 1370 alta,
1204 1281 1250 1347 ut
1280 1264 1410 1346 niuem
1442 1260 1576 1371 largius
1607 1263 1799 1348 deciduam
1834 1289 1908 1348 ca·

606 1392 723 1501 ‘piat
746 1415 830 1472 uas=
853 1388 975 1478 fundo
1006 1389 1143 1474 declini
1173 1390 1479 1474 aii'erruminatos
1511 1386 1686 1474 dootlrun
1719 1391 1764 1474 iit
1794 1393 1905 1477 tubus

586 1577 589 1588 ,
628 1541 803 1608 aeneus,
841 1530 879 1602 8..
912 1517 1005 1626 poll.
1040 1516 1203 1627 longua,
1230 1514 1390 1601 tonicae
1420 1513 1598 1624 figurae,
1642 1534 1690 1602 ut
1721 1516 1906 1628 aliquoru-

582 1669 707 1758 qne
738 1644 887 1753 phialae
914 1642 1047 1754 gulam
1085 1645 1355 1752 ingrediatur,
1395 1666 1565 1752 eamque
1606 1665 1782 1728 accurate
1831 1671 1909 1755 op-

633 1773 769 1880 plent,
818 1793 868 1860 ue
898 1769 1073 1883 illapsu
1060 1797 1103 1856 tn
1132 1771 1303 1884 phialam
1335 1769 1464 1884 pluuia
1496 1768 1637 1854 euolet
1641 1765 1720 1855 sub
1755 1761 1909 1884 uaporis

626 1896 772 1988 sonna
787 2020 998 2136 Capiatur
1004 2028 1139 2122 deiude
1193 2026 1323 2140 phiala
1370 1979 1494 2114 vitrea
1540 2025 1773 2148 quatitata
1803 2027 1936 2151 ςιιίιιιι

635 2149 734 2268 latus
758 2151 923 2262 ρΙιιιιιιιι
972 2134 1176 2265 adamante
1222 2154 1414 2248 diuidamr
1462 2156 1504 2237 in
1554 2143 1723 2264 aliquot
1751 2176 1906 2277 partes¹

632 2306 733 2424 quae
765 2279 841 2363 hoc
873 2278 989 2390 patto
1018 2272 1219 2371 eruantur:
1235 2265 1481 2392 Cognitum
1500 2279 1553 2364 eu
1559 2282 1731 2490 pmdtu
1761 2263 1907 2394 pluuite

633 2553 741 2639 gran.
777 2557 821 2633 9.
856 2531 1036 2655 pondens
1068 2532 1297 2637 lncnfini,
1345 2557 1433 2649 quo
1451 2551 1639 2643 tempore
1669 2533 1827 2620 coelom
1849 2557 1902 2636 50

637 2657 812 2766 gradibus
860 2657 994 2746 caten
1047 2650 1135 2769 Hoc
1155 2662 1327 2782 pondru
1376 2637 1540 2745 diuisum
1564 2683 1636 2782 per
1677 2685 1777 2765 199,
1806 2662 1906 2745 dabit

631 2771 832 2894 quotum,
876 2756 1108 2870 iudicantem
1141 2744 1292 2889 pondus
1323 2771 1529 2889 pluuiae
1517 2810 1557 2865 ιιι
1598 2785 1695 2894 pede
1727 2790 1907 2894 quadrato

632 2930 676 2993 et
729 2913 924 2996 altitudine
957 2909 1065 2990 unius
1094 2909 1248 3002 lineae,
1297 2910 1339 2993 id
1369 2909 1555 3018 proxime
1578 2912 1634 2994 eli
1668 2933 1788 3015 ³373
1823 2937 1910 3023 gra·

637 3034 808 3120 uorum.-
845 3032 1075 3118 vasculnm»
1082 3035 1340 3144 mnndum,
1328 3059 1369 3119 ιιι
1397 3049 1591 3120 accurata
1605 3038 1703 3123 iluna
1731 3037 1901 3148 bilance,

633 3160 763 3270 capiat
792 3155 891 3243 hane
924 3158 1172 3270 quantitatem
1204 3187 1321 3273 aquae
1343 3223 1364 3269 ‚-
1400 3185 1496 3271 quae
1536 3165 1576 3247 in
1599 3164 1796 3274 ··phialam
1832 3167 1904 3248 ln-

634 3286 837 3393 foedatur,
869 3306 1092 3398 noteturque
1123 3290 1166 3373 in
1195 3290 1312 3374 latere
1344 3289 1505 3373 altitudo
1533 3303 1682 3398 aquae:
1734 3290 1799 3374 uel
1827 3290 1905 3404 ipsr

637 3413 766 3527 phiala
815 3413 889 3492 un
937 3416 997 3498 in·
1028 3415 1167 3525 lance,
1219 3419 1267 3502 ad
1298 3421 1443 3500 laroma
1476 3418 1520 3499 in
1541 3451 1547 3466 ·
1567 3417 1818 3526 aequilibrato
1849 3445 1910 3504 te·

632 3541 778 3641 deoru,
811 3533 1099 3648 iniuudarutq'ne
1128 3554 1255 3651 aqua-3
1283 3543 1407 3627 donet
1444 3562 1562 3649 3373
1581 3547 1723 3654 granis
1751 3544 1910 3632 coalent

637 3666 906 3778 ponderosior.
969 3663 1107 3748 infufio
1152 3685 1198 3750 et
1244 3669 1442 3753 adnotatio
1488 3672 1737 3755 continuetur
1785 3673 1912 3758 donec

638 3794 767 3906 piritio
797 3791 969 3874 omnino
997 3791 1040 3874 sn
1077 3792 1220 3902 plena:
1269 3795 1382 3879 effusa
1427 3818 1523 3902 aqua
1574 3799 1776 3883 adamante
1831 3824 1914 3883 non

635 3918 826 4004 scindente
847 3979 858 4020 ,
877 3919 938 4002 sed
971 3923 1164 4024 radente,
1192 3923 1351 4006 duratur
1380 3922 1429 4004 ad
1460 3923 1668 4031 quemlibet
1683 3924 1913 4009 diulliouem
2051 3914 2053 3955 ¹

640 4047 681 4132 iu
714 4064 873 4150 unoque
906 4045 1020 4126 latere
1053 4045 1228 4152 latiam,
1262 4048 1362 4132 linea
1392 4049 1529 4155 reda,
1563 4067 1607 4133 et
1638 4052 1788 4134 numeri
1824 4053 1917 4135 albo

640 4173 846 4284 pigmento
906 4171 1011 4252 lateri
1068 4173 1352 4258 inscribantura
1415 4175 1626 4286 ampliores
1693 4177 1917 4262 huirrsmodi

640 4295 793 4412 phialae
831 4316 886 4390 ao
921 4297 1123 4385 diorsmnes
1150 4303 1338 4412 rapiunt,
1386 4325 1482 4412 quoe
1531 4327 1671 4387 omutr
1717 4305 1918 4415 designant

638 4421 877 4518 altitudinem
909 4421 1032 4514 liuere
1062 4427 1226 4543 pollicit.
1287 4427 1377 4516 lloc
1406 4428 1524 4547 patio
1553 4428 1757 4519 manifesto
1788 4429 1921 4515 uideri

1784 4557 1920 4670 potell
