4175 5642
591 635 769 726 ·μ4
976 591 1601 696 PLANTARVM

671 840 948 970 integerrima
946 834 1171 940 obseruata,
1204 831 1318 919 altera
1348 835 1525 921 carinam
1550 831 1776 918 sustentante
1817 833 1935 922 mino

673 995 748 1068 te,
776 963 1049 1072 canaliculata‚
1081 983 1121 1047 et
1150 964 1187 1046 in
1221 963 1466 1048 extremitate
1497 956 1652 1046 ciliata:
1693 963 1932 1049 tridentatam

671 1113 787 1209 prout
815 1091 873 1176 Ill.
909 1028 1103 1184 Haller’us
1120 1114 1205 1174 eam
1240 1088 1312 1174 else
1343 1089 1513 1192 indicat,
1549 1112 1630 1174 non
1660 1088 1796 1174 inueni.
1854 1091 1936 1176 Flot

672 1222 726 1306 eil
759 1217 1069 1330 papilionaceus:
1110 1215 1294 1300 uexillum
1329 1147 1624 1321 lrbcorda’tnrn,
1670 1235 1832 1326 patens,
1880 1235 1963 1301 res

671 1349 849 1451 flexum,
878 1343 1095 1453 lutescens,
1138 1342 1371 1444 (isabellinns
1401 1344 1455 1427 est
1482 1338 1619 1456 color)
1654 1344 1790 1427 venulis
1837 1343 1938 1428 tubi-

663 1473 802 1560 'arandis
835 1471 1166 1580 longitudinalibus
1199 1488 1240 1554 et
1290 1467 1433 1555 matula
1483 1489 1590 1554 autea
1640 1471 1801 1554 rotunda
1847 1489 1938 1552 ante

667 1624 839 1712 unguem
871 1603 1103 1711 uariegamm
1116 1654 1129 1703 ‚
1165 1599 1233 1682 alia
1266 1599 1395 1715 paullo
1421 1597 1597 1681 breuius:
1633 1595 1712 1680 alae
1726 1616 1793 1680 'ex
1809 1617 1939 1680 ouato-

670 1729 891 1837 oblongae,
927 1727 1111 1817 obtusae.
1144 1725 1302 1836 rectae,
1350 1724 1498 1810 vexillo
1519 1726 1713 1836 longiores
1743 1741 1784 1807 et
1815 1721 1939 1806 limbo

671 1854 815 1940 laterali
860 1854 1040 1972 exteriori
1087 1853 1295 1960 deflexae,
1344 1853 1468 1937 lineae
1517 1853 1743 1963 purpureae
1780 1848 1939 1958 uestigio

668 1983 741 2066 aix
773 2000 980 2090 apparente
1012 1982 1051 2065 in
1083 1981 1242 2069 medio:
1283 1981 1407 2066 carina
1439 1976 1509 2064 alis
1540 1981 1719 2085 breuior,
1750 1974 1936 2087 dipetala,

670 2107 808 2192 foliolis
837 2105 1012 2194 lunulatia
1042 2108 1212 2192 exterius
1242 2133 1397 2244 purpura
1401 2105 1596 2192 scentilius.
1659 2103 1859 2194 Stamina
1872 2105 1938 2188 de·

667 2257 758 2319 cem
790 2234 829 2316 in
860 2235 1000 2320 duobu's
1029 2235 1212 2321 distmtiis
1241 2226 1459 2344 corporibus
1488 2233 1536 2319 ad
1567 2233 1669 2319 bafin
1701 2229 1938 2344 riquartus,

666 2367 833 2473 'quorum
880 2341 1074 2474 quodlibet
1123 2363 1162 2446 in
1211 2359 1450 2466 silamanus,
1502 2360 1700 2445 altitudine
1744 2357 1937 2447 sacceum

668 2487 990 2595 decrescentibus,
1022 2492 1184 2600 quinque
1213 2489 1389 2572 antheras
1420 2487 1602 2596 sustinet,
1634 2488 1779 2592 luteas,
1812 2511 1937 2598 paruas

668 2633 710 2699 et
743 2616 928 2699 rotundas
994 2609 1161 2699 Stamina
1192 2640 1281 2698 cum
1312 2611 1470 2726 pistillo
1482 2634 1523 2697 et
1556 2615 1729 2724 stigmate
1770 2614 1936 2701 subulato

666 2741 709 2829 iu
742 2741 868 2827 carina
898 2739 1113 2826 abscondita
1143 2743 1286 2826 latent:
1321 2740 1495 2827 stratedit
1512 2740 1935 2853 laguncularum,

668 2869 933 2973 articulatum,
944 2870 1159 2975 scibrum,
1214 2865 1373 2953 articulis
1402 2867 1489 2980 poll
1537 2871 1800 2955 maturitatem
1841 2873 1934 2957 solu·

669 2997 835 3106 bilibus,
867 3019 1029 3080 numero
1062 2995 1318 3081 variantibus·
1359 2997 1486 3080 semen
1519 2995 1726 3081 reniforme
1772 2999 1935 3083 unicum

666 3123 812 3206 luteo·
831 3122 1047 3222 sulcum,
1034 3148 1074 3207 m
1105 3123 1272 3233 quolibet
1311 3121 1516 3232 leguminis
1565 3125 1719 3208 articulo
1767 3123 1934 3209 suburbi-

666 3247 793 3333 culato
825 3249 1022 3335 inclusum.
1105 3250 1171 3336 Ex
1221 3251 1323 3335 datia
1365 3235 1453 3334 huc·
1490 3275 1607 3363 usque
1656 3250 1934 3337 characteribus

666 3375 822 3487 quilibet
854 3376 1079 3490 cogrmscit,
1128 3373 1267 3461 aCel.
1318 3377 1475 3480 Royenia
1521 3379 1585 3462 suo
1614 3402 1615 3406 ‘
1640 3379 1717 3461 iure
1765 3379 1969 3463 nostram.

666 3504 838 3614 plantam
869 3511 917 3587 ad
944 3529 1061 3614 genna
1094 3503 1432 3611 Aeschynornenes
1461 3501 1537 3588 else
1576 3505 1764 3610 relatam,
1814 3527 1854 3590 et
1886 3507 1934 3590 ab

665 3654 716 3716 eo
765 3635 804 3716 in
857 3631 962 3716 Flor'.
1005 3631 1132 3736 Leyd·
1180 3631 1313 3720 Prodi.
1355 3658 1443 3742 pag.
1480 3647 1582 3736 384.
1613 3632 1935 3718 denominatam:

662 3760 986 3866 'Aeschynomene
1015 3757 1130 3841 caule·
1151 3755 1330 3867 hispido,
1365 3759 1500 3841 foliolis
1529 3761 1780 3863 acuminatis,
1821 3757 1933 3869 legu-

664 3889 811 3969 minum
847 3885 1009 3969 articulis
1039 3885 1352 3992 suborbiculatis,
1390 3909 1515 3992 ‘quem
1549 3907 1588 3970 et
1616 3887 1724 3970 secuti
1758 3891 1839 3969 lunt
1870 3888 1932 3972 lll.

665 4012 843 4098 Hnllerus
875 4032 917 4093 et
951 4012 1171 4116 maneus,
1203 4031 1362 4097 retenta·
1381 4011 1532 4118 Royeni
1574 4013 1890 4099 denominatione
1916 4041 1929 4122 ;

574 4181 583 4192 ·
662 4142 728 4224 iste
762 4148 799 4223 in
832 4138 946 4220 Hort.
981 4133 1182 4248 Goerting.
1216 4145 1457 4258 paganos,
1520 4140 1584 4224 hic
1608 4163 1714 4224 ¹uero
1743 4141 1784 4224 in
1813 4138 1930 4248 Spec.

662 4267 821 4377 plantat.
864 4289 949 4375 pag.
986 4289 1094 4371 713.
1128 4291 1166 4347 n.
1204 4291 1244 4349 ι.
1328 4262 1574 4358 inuentionis
1606 4269 1742 4378 gloria·
1773 4267 1930 4351 debente

660 4391 719 4478 Ill.
754 4393 931 4500 Sloaneo,
962 4398 1026 4506 qul
1059 4419 1147 4478 eam
1179 4386 1219 4478 in
1252 4393 1346 4478 locis
1379 4395 1685 4478 meridionalibus
1709 4393 1846 4480 instrlae
1865 4391 1930 4505 la-

659 4515 802 4607 maicae
832 4523 964 4633 sponte
988 4521 1217 4608 crescentem
1236 4522 1352 4636 legit,
1384 4543 1424 4605 et
1441 4523 1481 4612 ln
1498 4523 1673 4633 catalogo
1689 4517 1926 4638 plantarum,

1830 4669 1930 4762 quae
